3992 6380
69 383 138 443 853
600 374 645 439 IN
668 375 1018 439 RESURRECTIONE
1039 373 1201 440 DOMINI.
1664 381 1723 444 854

71 541 231 618 gebatur,
249 537 452 616 conspuitur,
469 535 574 614 spinis
588 537 777 612 coronatur,
796 552 875 599 cru-
927 539 1017 606 maia
1044 537 1109 602 ista
1137 525 1341 601 constituunt
1371 537 1589 615 hagrantiam
1617 541 1723 606 divini

71 635 365 702 ciiiuusmanibus
385 635 587 714 etpedibus,
611 635 874 712 latereconiigi-
928 636 1067 710 amoris,
1100 653 1173 714 quae
1201 636 1335 715 proprie
1360 635 1517 698 dicuntur
1546 653 1589 700 eu
1616 638 1723 700 tribus

70 739 143 806 tur,
171 735 277 799 etita
306 750 422 797 saccus
451 733 485 795 in
516 751 580 813 quo
607 734 732 796 latebat
759 733 874 794 mundi
928 734 1046 796 coniici
1061 733 1248 812 speciebus,
1265 735 1401 812 myrrha
1420 734 1557 807 scilicet,
1576 736 1674 798 thure
1690 737 1724 798 et

70 834 288 912 Redemptor,
310 832 505 894 conciditur.
928 832 1106 910 pigmento,
1127 833 1204 910 quia
1224 848 1267 894 ex
1284 833 1515 910 conjunctione
1531 834 1632 894 trium
1653 835 1725 895 vir-

119 931 202 1003 Quid
231 932 331 1007 ergoi
357 931 540 992 Adoremus
569 945 683 991 omnes
711 927 808 1006 proni
838 928 873 989 in
928 927 1045 1002 tutum,
1067 929 1206 1002 scilicet,
1224 930 1488 993 mortificationis
1504 933 1626 1003 carnis,
1646 946 1725 992 ora-

70 1031 180 1101 terra,
197 1029 230 1091 et
250 1028 418 1106 plorantes
432 1042 544 1088 coram
563 1027 703 1088 Domino
723 1027 779 1104 qui
796 1025 874 1089 fecit
927 1027 1040 1099 tionis,
1057 1027 1190 1104 etpurae
1206 1027 1403 1090 humilitatis
1418 1028 1603 1106 fragrantia
1619 1028 1723 1092 divini

69 1143 150 1198 nos,
181 1126 330 1202 legamus
359 1125 392 1186 et
416 1125 625 1202 perlegamus
654 1122 874 1186 conscientias
928 1124 1051 1186 amoris
1067 1124 1251 1187 coniicitur.

70 1225 211 1286 nostras
225 1223 380 1284 oneratas
395 1223 550 1300 peccatis,
567 1221 700 1284 obtusas
715 1220 871 1294 tenebris,
969 1215 1195 1294 Quod'autem
1216 1223 1352 1300 myrrha
1380 1224 1600 1296 mortificatio,
1624 1223 1724 1289 thure

69 1319 224 1383 irretitas
255 1319 439 1392 illecebris,
471 1336 594 1397 pronas
631 1319 873 1396 concupiscen-
929 1321 1046 1394 oratic,
1062 1322 1199 1398 pulvere
1214 1321 1372 1398 pigmenti
1392 1339 1476 1399 pura
1491 1323 1640 1399 signetur
1654 1324 1723 1384 bu-

69 1419 145 1492 ῖίἰε,
163 1417 324 1481 obnoxia
336 1417 557 1496 passionibus,
571 1417 724 1494 impletas
739 1416 873 1478 illusio·
928 1419 1063 1494 militas,
1088 1420 1124 1482 in
1148 1419 1276 1498 prolato
1305 1419 1345 1482 de
1369 1421 1513 1482 Canticis
1534 1421 1724 1484 testimonio

70 1517 187 1578 nibus.
206 1519 277 1578 Hoc
298 1517 350 1577 est
368 1515 566 1594 profundum
582 1514 667 1593 quod
690 1529 756 1576 non
777 1513 875 1576 babet
929 1517 1131 1596 perhibetur.
1158 1520 1239 1584 Quae
1259 1518 1321 1590 est,
1345 1517 1462 1595 inquit,
1487 1519 1554 1580 isla
1572 1533 1649 1593 quoe
1666 1533 1726 1581 αε-

70 1615 224 1675 fundum.
255 1613 468 1676 Acceleretur
489 1613 602 1691 itaque
628 1612 741 1674 nostra
769 1612 873 1674 satis·
928 1616 1115 1690 cenditpcr
1128 1613 1325 1678 erotema
1339 1619 1386 1677 Ao
1410 1616 1438 1676 si
1454 1615 1580 1678 diceret
1596 1637 1603 1676 ε
1621 1617 1725 1688 Quam

71 1712 189 1785 factio,
207 1728 248 1772 ne
263 1711 454 1773 damnosior
466 1711 524 1772 dat
538 1709 780 1788 procrastinata
795 1710 875 1771 dila·
929 1712 1134 1775 admirabilis
1149 1714 1200 1776 est
1216 1712 1327 1774 anima
1344 1713 1460 1775 sancta
1475 1729 1548 1791 quae
1561 1730 1661 1791 quum
1683 1713 1725 1775 ah

71 1811 137 1872 tio.
164 1813 286 1872 Breues
310 1809 400 1870 enim
421 1809 498 1872 sunt
519 1809 590 1870 dies
614 1809 731 1878 nostri,
752 1809 875 1870 transit
929 1813 992 1874 hoc
1007 1812 1129 1873 mundo
1145 1811 1275 1874 ardenti
1299 1811 1463 1872 desiderio
1483 1828 1520 1874 se
1539 1811 1648 1888 erigit,
1666 1825 1726 1890 per

71 1906 188 1980 homo,
205 1907 289 1984 iugit
302 1909 442 1984 tempus,
459 1923 548 1968 mors
564 1905 667 1978 adest,
685 1906 750 1968 imo
770 1906 874 1968 currit
929 1909 1105 1982 desertum,
1134 1909 1219 1987 quod
1250 1909 1373 1971 deserit
1391 1909 1528 1982 orando,
1556 1906 1726 1970 ascenditt

72 2007 112 2067 et
136 2005 288 2082 pervolat
305 2006 341 2066 in
365 2005 459 2082 equis
481 2005 514 2065 et
535 2003 699 2065 curribus.
729 2003 875 2066 Ardeant
930 2009 993 2070 Sed
1009 2007 1175 2070 odorifera
1199 2023 1265 2069 non
1287 2009 1338 2069 est
1360 2007 1527 2079 ascensio,
1545 2007 1611 2067 nisi
1625 2005 1727 2068 suerit

71 2104 182 2179 igitur
199 2103 313 2175 animi,
330 2103 460 2181 plorent
475 2102 573 2174 oculi,
589 2103 723 2179 pectora
742 2103 875 2179 gemiti·
929 2106 1015 2183 sicut
1031 2106 1163 2182 virgula
1185 2105 1267 2165 fumi
1291 2121 1334 2166 ex
1355 2105 1570 2166 aromatibus.
1586 2104 1726 2179 Virgula

72 2205 152 2278 bus,
173 2205 293 2267 coelum
315 2205 453 2266 resultet
473 2203 685 2276 clamoribus,
703 2205 738 2266 et
756 2205 791 2266 ut
808 2203 875 2265 lin·
929 2205 1011 2267 fumi
1026 2207 1075 2267 est
1090 2193 1182 2266 recta
1196 2207 1230 2266 et
1241 2204 1376 2280 gracilis
1399 2203 1480 2265 etin
1494 2203 1629 2278 longum
1644 2217 1726 2279 por-

72 2319 177 2380 guam
206 2303 305 2365 acuat
332 2302 551 2374 conscientia,
582 2302 615 2363 et
638 2301 874 2364 conscientiam
929 2305 1030 2376 recta,
1042 2305 1074 2365 et
1089 2318 1218 2380 semper
1231 2302 1267 2363 in
1283 2301 1386 2363 altum
1400 2300 1516 2363 tendit.
1534 2301 1636 2362 Recta
1651 2314 1726 2360 esse

68 2401 202 2479 jndioet
222 2399 348 2477 lingua.
365 2400 457 2471 Quod
476 2400 505 2460 si
520 2399 758 2477 fiat,respirate
773 2401 805 2462 et
820 2415 875 2460 se·
929 2402 1025 2464 debet
1039 2403 1072 2462 et
1086 2401 1232 2478 gracilis,
1246 2401 1323 2476 quia
1339 2399 1431 2461 arcta
1445 2400 1501 2461 via
1518 2403 1568 2460 est
1582 2400 1615 2459 et
1627 2398 1726 2474 longa

72 2500 151 2562 curi
173 2500 292 2572 estote,
316 2499 395 2577 quia
419 2498 561 2575 deponet
584 2497 775 2575 iniquitates
795 2514 875 2559 nos-
929 2515 1002 2578 quae
1017 2499 1109 2561 ducit
1121 2515 1181 2561 nos
1197 2498 1388 2574 adregnum
1404 2497 1574 2558 ooelorum.
1587 2497 1662 2556 Non
1677 2493 1727 2556 est

72 2599 160 2670 trae,
175 2598 208 2659 et
221 2597 374 2675 projiciet
383 2595 418 2658 in
433 2595 631 2675 profundum
644 2596 747 2657 maris
762 2597 874 2657 omnia
928 2597 1060 2676 virgula
1073 2596 1157 2674 ligni
1178 2594 1382 2658 insensibilis
1407 2594 1440 2656 et
1460 2594 1546 2666 duri,
1571 2593 1627 2654 sed
1644 2589 1726 2652 sumi

72 2695 212 2772 peccata
229 2695 343 2757 nostra
355 2695 429 2772 pius
445 2711 484 2756 ac
496 2694 687 2755 misericors
702 2693 870 2756 Dominus.
929 2696 984 2774 qui
1004 2695 1147 2774 speciem
1162 2692 1262 2755 habet
1281 2708 1348 2754 non
1370 2690 1598 2753 substantiam.
1621 2691 1727 2761 Quum

73 2797 152 2870 ipse
180 2793 283 2856 faciat
310 2793 367 2871 qui
394 2792 661 2855 estbenedictus
689 2791 873 2854 insaecula
929 2793 1016 2854 enirn
1032 2793 1190 2863 cernitur,
1214 2789 1340 2868 aliquid
1364 2805 1438 2851 θεεθ
1452 2789 1601 2863 videtur3
1626 2801 1727 2865 quum

72 2890 286 2953 saeculorum.
305 2893 421 2954 Amen.
929 2907 1046 2953 manus
1061 2888 1249 2968 apponitur,
1277 2887 1326 2950 nil
1347 2887 1526 2949 invenitur.
1549 2887 1604 2948 Sic
1620 2884 1727 2945 bonus

929 2977 1069 3068 quisque
1080 2987 1134 3049 bic
1150 3003 1224 3048 θεεθ
1236 2985 1368 3048 videtur
1377 3001 1437 3063 per
1446 2983 1557 3046 carnis
1569 2981 1725 3060 speciem,

422 3111 529 3200 XXV
571 3121 575 3134 =
929 3088 986 3148 sed
1002 3085 1191 3165 hujusmodi
1208 3101 1274 3145 non
1297 3083 1349 3145 est
1368 3099 1428 3161 per
1446 3081 1667 3144 dilectionem.
1688 3077 1728 3140 Et

929 3185 1067 3262 pulchre
1081 3183 1203 3245 dicitur
1218 3198 1284 3244 non
1301 3181 1398 3258 virga
1412 3180 1505 3251 fumi,
1523 3178 1580 3240 sed
1595 3176 1727 3254 virgula

178 3336 772 3400 1NRESURRECT10NED⁰M1N1·
928 3279 1728 3442 litlil..ldlltll.lllllllillhdll

118 3492 236 3551 Maria
259 3489 460 3565 Magdalene
490 3487 525 3549 et
553 3488 673 3549 Marta
697 3487 813 3547 Jacobi
841 3485 873 3547 αῖ
929 3479 1048 3540 ardore
1063 3475 1336 3554 compunctionis,
1363 3473 1399 3534 ut
1420 3489 1481 3534 nec
1505 3473 1577 3548 ipse
1596 3471 1727 3531 animus

71 3592 213 3650 Sodoma
232 3585 391 3648 amemini
412 3585 573 3647 aromata
592 3580 711 3663 (Marc.
734 3599 804 3656 xv1,
828 3580 871 3662 1).
929 3575 1209 3653 comprehendere
1238 3571 1402 3643 sufficiat,
1422 3586 1494 3649 quae
1521 3567 1728 3630 illuminatus

118 3684 306 3747 Secundum
320 3683 465 3745 litteram
480 3682 729 3744 commendatur
743 3681 873 3742 devotio
929 3675 1044 3736 sensit.
1061 3674 1202 3749 virgula
1223 3669 1334 3732 autem
1356 3667 1438 3730 lumi
1461 3684 1504 3729 ex
1525 3663 1729 3728 aromatibus

73 3783 268 3846 sanctarum
286 3781 473 3850 mulierum,
491 3780 569 3858 quia
586 3778 673 3842 sicut
687 3778 875 3841 dilexerunt
929 3771 1110 3850 egreditur,
1136 3770 1213 3848 quia
1238 3767 1447 3845 compunctio
1477 3781 1520 3827 ex
1543 3762 1729 3840 fragrantia

72 3879 245 3942 Christum
264 3879 300 3941 in
319 3878 399 3950 vita,
420 3877 467 3940 ita
486 3876 676 3939 dilexerunt
693 3876 767 3955 post
785 3894 875 3939 mor·
929 3871 1036 3934 divini
1049 3869 1174 3932 amoris
1189 3868 1380 3944 generatur.

71 3979 157 4040 tem.
186 3975 373 4038 Secundum
396 3975 592 4052 allegoriam
613 3975 681 4036 tres
704 3975 777 4036 istae
801 3990 876 4035 mu·
972 3969 1036 4030 sed
1052 3967 1152 4030 certae
1177 3965 1396 4041 suntspecies
1417 3961 1592 4039 exquibus
1612 3955 1730 4021 confici

72 4076 178 4136 lieres
192 4072 382 4150 significant
393 4073 458 4134 tres
473 4073 585 4149 partes
599 4071 712 4132 mundi
722 4071 763 4132 ad
777 4071 874 4131 fldem
930 4069 1035 4147 possit
1058 4067 1121 4128 hoc
1138 4080 1265 4133 aroma,
1282 4078 1421 4141 quarum
1441 4060 1568 4123 addidit
1582 4057 1727 4129 nomina,

73 4171 201 4234 Christi
225 4171 408 4244 venientes,
433 4169 598 4241 videlicet,
629 4169 753 4241 Asiam,
782 4167 875 4230 Airi—
929 4165 1074 4244 myrrhae
1099 4163 1132 4225 et
1151 4161 1260 4224 thuris
1284 4161 1317 4222 et
1337 4157 1484 4238 pulveris
1504 4154 1727 4234 pigmentarii.

72 4285 151 4332 carn
178 4270 211 4330 et
242 4271 418 4346 Europam.
447 4269 506 4328 Hae
535 4265 692 4328 mulieres
725 4266 876 4327 emerunt
930 4263 1066 4342 Myrrha
1082 4259 1283 4323 condiuntur
1300 4272 1439 4334 corpora
1454 4255 1671 4322 mortuorum,
1688 4267 1731 4312 ne

72 4365 238 4438 aromata,
264 4366 361 4438 idest,
383 4364 543 4426 virtutum
563 4363 682 4437 studia,
703 4380 775 4441 quae
793 4377 874 4424 aro·
929 4360 1098 4424 vermibus
1121 4356 1387 4433 corrumpantur.
1408 4353 1527 4415 Carnis
1542 4367 1621 4427 ergo
1637 4363 1730 4410 mor-

71 4467 167 4528 mata
181 4463 304 4525 honum
320 4462 443 4523 babent
458 4461 604 4533 odorem,
622 4463 699 4538 quia
717 4462 794 4524 sunt
807 4463 875 4524 Deo
930 4459 1146 4522 tidcationem
1163 4454 1329 4530 significat
1353 4452 1500 4530 myrrha,
1522 4465 1595 4528 quae
1611 4461 1731 4524 corpus
1782 4449 1789 4464 ·

71 4562 226 4638 accepta.
243 4559 337 4622 Unde
352 4559 477 4621 Paulus
494 4581 501 4619 :
519 4557 648 4622 Christi
667 4563 773 4621 bonus
793 4564 876 4622 odor
930 4559 1079 4620 nostrum
1095 4571 1115 4616 a
1130 4553 1306 4632 putredine
1321 4551 1464 4612 luxuriae
1479 4548 1644 4610 illibatum
1660 4561 1731 4606 cus-

71 4675 199 4723 εανηαε
221 4663 291 4720 Deo
317 4661 354 4718 in
372 4661 467 4719 omrai
490 4661 560 4719 loco
583 4656 627 4736 (II
649 4659 722 4719 Gor.
747 4673 785 4731 11,
810 4656 873 4738 15).
929 4657 1023 4719 todit.
1059 4653 1224 4716 Mortuam
1257 4649 1346 4712 enim
1378 4663 1513 4710 carnem
1541 4645 1731 4724 putrescere

72 4757 235 4822 Aromata
254 4754 475 4817 coniiciuntur
493 4769 536 4816 ex
555 4755 701 4832 myrrha,
724 4755 823 4817 thure
844 4757 877 4818 θῖ
932 4753 992 4827 θεῖ,
1009 4753 1072 4814 hoc
1087 4749 1227 4828 mortale
1255 4763 1376 4825 corpus
1391 4745 1534 4808 luxuriae
1549 4741 1730 4812 deservire,

73 4854 256 4935 pigmento.
288 4853 342 4914 Sic
366 4852 454 4914 enim
484 4852 644 4914 babemus
669 4853 705 4913 in
731 4853 875 4915 Canticis
931 4851 1016 4914 sicut
1055 4849 1103 4910 ait
1138 4842 1211 4910 Joel
1241 4845 1403 4923 propheta
1432 4843 1472 4904 de
1501 4840 1695 4920 quibusdam
1722 4861 1730 4900 ε

74 4953 290 5015 canticorum
310 4971 317 5011 :
339 4953 421 5017 Oura
446 4952 498 5012 cat
521 4951 600 5022 ῖεῖα,
624 4965 700 5025 parce
723 4953 876 5013 ascendit
932 4946 1226 5023 Cornpcctruernni
1242 4942 1406 5016 jumento
1433 4944 1471 5003 in
1495 4941 1649 5002 stercora
1669 4951 1733 5000 sao

69 5067 142 5126 per
155 5049 342 5120 desertum,
365 5051 454 5110 sicrd
470 5053 606 5123 θῖνααια
624 5051 713 5122 sumi
732 5065 779 5110 coc
794 5063 877 5111 ανα-
932 5046 1028 5128 (leel.
1045 5061 1068 5118 l,
1084 5041 1136 5122 17)
1154 5064 1161 5103 ε
1178 5041 1273 5113 idest,
1290 5041 1393 5102 vitam
1409 5039 1567 5100 linierunt
1581 5035 1732 5098 carnales

72 5150 226 5210 nectibus
240 5153 395 5222 inprrhce
408 5149 442 5209 cl
456 5147 568 5209 thuris
585 5147 619 5208 et
633 5150 877 5221 universicul·
930 5145 966 5206 in
989 5142 1123 5205 luxuria
1143 5157 1215 5202 sua.
1246 5141 1324 5201 ideo
1352 5139 1441 5199 dicat
1465 5137 1577 5198 anima
1602 5134 1731 5194 tidelis:

71 5250 172 5310 υανῖε
186 5247 412 5323 pigmentaria·
426 5243 532 5325 (Cant.
549 5259 599 5316 111,
614 5243 659 5322 6).
677 5245 875 5320 Pigmenta-
931 5245 1050 5304 Manus
1072 5256 1154 5302 meaa
1169 5235 1417 5300 distillaverunt
1434 5233 1615 5310 myrrham,
1633 5231 1729 5304 idest,

73 5345 149 5406 rius
165 5343 214 5404 θεῖ
229 5343 394 5419 Christus3
410 5341 577 5420 pigmenta
592 5343 625 5404 et
637 5340 785 5403 aromata
801 5342 877 5402 sunt
932 5355 1034 5417 opera
1052 5353 1126 5399 mea
1141 5330 1409 5414 propagaverunt
1428 5331 1728 5394 mortificationem.

74 5442 235 5516 virtutes3
257 5439 393 5518 myrrha
414 5440 527 5501 carnis
554 5439 775 5508 mortificatio,
799 5439 876 5500 thus
931 5439 1042 5499 Thura
1065 5451 1145 5497 vero
1168 5432 1366 5509 exprimitur
1394 5430 1514 5502 oratic,
1541 5425 1732 5490 testimonio

74 5539 199 5601 mentis
226 5539 372 5611 devotio,
397 5537 573 5598 universus
595 5537 703 5614 pulvis
726 5537 877 5613 pigmen·
932 5534 1101 5613 propbetae
1117 5529 1280 5592 dicentis:
1311 5529 1500 5605 Dirigatnr
1523 5525 1634 5587 oratio
1653 5539 1733 5586 mco

75 5637 158 5700 tarii
181 5637 340 5699 virtutum
360 5635 507 5698 omnium
523 5633 708 5696 multitudo.
731 5637 770 5696 Εῖ
791 5635 877 5696 sicut
931 5634 1020 5696 sicali
1043 5623 1469 5706 inconsummatus).
1493 5623 1634 5684 Pulvere
1654 5621 1731 5700 pig-

79 5737 116 5798 in
140 5735 242 5807 vitiis,
266 5735 313 5797 ita
328 5735 362 5796 in
385 5731 565 5796 virtutibus
588 5732 766 5795 invenitur.
790 5735 876 5794 Aro-
932 5730 1033 5794 menti
1049 5745 1132 5808 pura
1145 5725 1328 5797 humilitas,
1341 5725 1378 5786 ut
1392 5719 1550 5803 puritatis
1564 5719 1734 5782 examina-
