3954 6358
45 301 95 367 ae
581 284 856 354 unumunurn

45 462 104 522 tiana
125 459 165 514 εει
183 447 357 520 doctrinalis,
384 455 429 509 est
450 444 613 518 imitandus,
638 453 683 508 est
705 446 753 507 ille
771 445 821 522 qui

44 559 135 634 pauet
146 558 173 610 ει
187 550 273 626 rigat,
286 553 329 608 est
343 547 392 606 ille
402 546 451 622 qui
465 545 534 606 lacit
547 560 618 606 eves
627 543 663 604 de
676 543 780 608 boedls.

72 647 248 713 reuisere
263 648 402 706 alnanne
414 651 600 714 monstratur,
616 646 628 702 l
642 644 726 702 ioan.
741 659 771 713 v,
782 643 816 702 8:

45 757 101 812 lies
120 755 180 806 sunt
205 746 254 820 uui
276 743 470 805 testimonium
495 741 645 816 perbibent
672 741 702 800 in
725 747 819 800 terra:

46 849 156 924 spiritus,
176 858 251 918 aqua
272 849 302 902 et
315 842 445 916 sanguis.
471 842 525 900 liic
543 839 613 899 ordo
635 839 762 910 testium,
782 839 821 902 alt

44 945 176 1013 Honorius,
197 947 243 1000 est
260 943 389 1000 interra.
412 942 448 999 Ει
469 939 499 998 in
517 953 567 998 ore
586 937 689 998 borum
704 938 820 998 testium

44 1043 208 1103 stabitomne
224 1039 358 1112 verbum;
376 1036 453 1112 quod
472 1043 516 1096 est
534 1035 571 1094 de
588 1033 692 1107 lutura,
709 1049 767 1094 non
786 1032 822 1094 de

43 1139 177 1217 preterito,
193 1145 335 1211 utsupra.
353 1138 389 1194 Et
408 1135 507 1194 mrbus
521 1133 592 1194 ordo
612 1141 656 1192 est
667 1132 828 1210 judicialis,¹

44 1246 80 1297 ast
92 1249 150 1296 cunt
168 1236 271 1293 timore
284 1231 490 1308 expectandus,
511 1241 556 1292 εει
573 1232 623 1291 ille
637 1231 686 1305 put
701 1230 824 1292 absolvit

43 1333 248 1404 etmndemnat,
264 1339 308 1391 est
324 1331 371 1390 llle
386 1332 434 1405 qui
448 1330 615 1406 segregabit
628 1344 698 1392 oves
710 1327 747 1390 de
759 1328 821 1388 boe·

42 1432 86 1491 dis.
97 1431 173 1491 Unde
184 1437 259 1488 terra
274 1427 310 1488 de
324 1443 380 1503 qua
396 1444 473 1490 nune
487 1429 593 1503 agitur,
610 1434 688 1488 totus
699 1426 824 1490 mundus
844 1457 846 1461 ·

42 1537 85 1599 et,
102 1530 129 1586 in
142 1542 199 1601 quo
211 1535 279 1586 sunt
292 1542 350 1585 non
365 1527 457 1586 solum
472 1526 614 1598 Ecclesia,
629 1525 681 1586 sed
694 1532 724 1586 ει
740 1525 760 1585 ii
775 1525 823 1598 qul

43 1627 73 1685 ad
87 1626 239 1684 Ecclesiam
259 1640 315 1684 non
337 1626 489 1699 pertinent.
509 1627 597 1684 Porro
616 1624 646 1686 iu
668 1623 723 1684 buc
738 1630 823 1694 terra,

43 1739 104 1798 aqua
117 1740 133 1782 a
146 1724 290 1798 sanguine
305 1723 411 1783 christi
427 1723 570 1782 vividcata
587 1721 679 1782 reddit
692 1721 821 1782 testimo·

43 1821 358 1896 niam,sanguistbristi
366 1821 415 1896 qui
426 1820 551 1881 viviticat
560 1835 665 1894 squam
673 1818 825 1882 reddittee
860 1805 865 1813 ¹

42 1919 334 1990 timonium,atborum
342 1918 826 1989 testimoniumnonest,etnonerlt

43 2033 143 2076 vanum.
155 2020 230 2078 Nam
245 2018 367 2092 Spiritus
378 2017 560 2091 cujusvirtus
573 2024 617 2076 εει
631 2017 662 2076 in
675 2031 762 2090 aqua,
775 2030 825 2090 per

42 2117 211 2190 sangntiuem,
232 2115 286 2175 bos
302 2115 439 2189 iustilicat
456 2123 486 2174 ει
504 2130 562 2177 non
579 2114 826 2188 alios21udiclulis

43 2222 90 2286 ase
102 2229 163 2274 aum
176 2215 282 2273 timore
291 2213 502 2287 expectandum
519 2213 640 2275 absolvit
650 2220 679 2271 ει
693 2211 826 2274 eoadem·

43 2319 92 2382 nat,
105 2319 132 2372 at
151 2315 181 2370 in
196 2311 291 2370 lutura
311 2311 478 2386 segregabit
491 2327 561 2370 oves
574 2310 611 2370 de
625 2309 727 2372 noedb.
748 2313 827 2384 Ergo

42 2411 87 2467 erit
99 2409 256 2484 baptismus
275 2409 468 2469 testimouium
483 2409 512 2466 in
525 2409 638 2470 minam
649 2417 678 2468 et
692 2409 722 2468 in
736 2423 828 2470 resur*

42 2510 196 2567 rectionem.
337 2578 343 2590 ι
511 2513 516 2524 ’

71 2607 154 2664 lenes
168 2608 220 2680 qui
241 2607 298 2665 sint
312 2613 410 2677 testes,
431 2605 499 2680 quid
529 2605 606 2664 dieat
624 2605 734 2680 primus
755 2604 827 2662 ordo

42 2704 235 2774 testiumaudi,
249 2703 389 2778 incipiens
405 2719 420 2761 a
440 2703 535 2761 verbis
546 2704 609 2762 istis
624 2720 631 2762 :
655 2725 666 2756 r
681 2703 746 2761 'l'ria
761 2709 828 2761 sunt

42 2799 160 2874 baptismi
170 2803 347 2860 testimonia.
362 2803 452 2859 »llaec
463 2801 711 2876 verbassjungere
721 2801 793 2859 velis
811 2816 827 2859 a

43 2899 268 2971 precedentibus.
287 2901 355 2958 Tros
376 2907 443 2958 sunt
466 2914 606 2973 persone,
622 2899 714 2972 lnquit
728 2901 827 2958 llono·

43 2997 103 3066 rius,
115 2999 142 3054 iu
155 2997 317 3058 substantia
336 2996 444 3067 divina,
457 3004 486 3056 et
500 2995 545 3054 bae
560 3005 618 3055 tres
636 3012 765 3071 persone
778 2997 828 3054 tibi

41 3095 222 3154 testificantur
236 3097 266 3153 in
281 3110 337 3152 une
353 3109 486 3169 persona,
500 3095 633 3153 videlicet
642 3095 755 3166 Christi,
764 3110 828 3153 esse

41 3197 91 3249 tres
110 3193 295 3263 substantias,
312 3193 341 3250 id
356 3201 401 3250 εει
415 3191 563 3264 deitatem,
584 3207 688 3267 corpus
713 3200 744 3250 et
765 3193 827 3250 ani-

41 3303 119 3348 mam.
134 3293 207 3350 Tota
220 3305 332 3349 summa
345 3291 468 3349 Trinitas
482 3289 538 3348 boc
551 3292 747 3350 testimonium
762 3290 828 3349 red·

41 3385 84 3456 dit,
103 3389 130 3446 in
142 3389 504 3462 quocontiuenturomnia
529 3387 682 3458 credenda,
704 3387 829 3464 agenda,

40 3485 156 3545 vitanda.
171 3486 230 3545 Sed
241 3488 335 3556 Pater,
350 3488 476 3560 speciale
490 3487 685 3546 testimonium
700 3487 755 3546 sibi
765 3487 829 3544 vin·

40 3580 116 3654 dicat,
143 3599 252 3656 nempe
281 3583 436 3654 llliationis,
464 3599 528 3658 quae
555 3592 600 3642 εει
618 3585 647 3641 in
673 3585 784 3644 Christo
802 3591 832 3643 et

39 3683 197 3741 extenditur
211 3682 247 3740 ad
259 3697 375 3740 omnem
393 3681 577 3757 baptizatum,
591 3682 703 3741 dicente
723 3685 806 3742 Patre
822 3698 829 3742 :

39 3779 87 3837 llic
112 3788 155 3839 εει
184 3781 259 3838 illius
281 3795 363 3839 meus
388 3779 523 3853 dilectus3
536 3789 564 3839 et
578 3780 615 3839 ad
634 3781 772 3854 angelos:
789 3783 831 3840 Ne

40 3875 105 3934 larte
119 3879 230 3951 putatis
245 3878 488 3936 contemnendum
508 3893 626 3952 corpore
645 3880 757 3938 mortali
774 3880 831 3938 cir·

39 3975 211 4046 condatum,
231 3974 282 4033 sed
296 3974 436 4034 custodite
453 3975 530 4033 bunc
548 3975 638 4034 lilium
664 3991 771 4034 meum.
785 3977 829 4034 l'i-

40 4071 89 4130 lius
100 4074 230 4147 speciale
245 4073 440 4131 testimonium
456 4073 547 4131 reddit
562 4072 646 4146 buius
657 4074 834 4133 extensionis

40 4168 72 4227 ed
94 4186 209 4242 ornnes,
227 4185 289 4241 seu,
311 4177 343 4228 ut
364 4171 402 4228 ait
426 4171 578 4241 Honorius,
603 4173 832 4244 corporationis:

39 4268 145 4327 Omnes
167 4268 259 4340 enlm,
277 4269 429 4338 veraciter,
453 4267 601 4326 christiani
622 4283 722 4326 sumus
744 4283 833 4327 unum

39 4379 138 4440 eorpus
149 4366 257 4428 Christi
268 4366 323 4440 (ste
338 4365 505 4440 tenendum),
519 4367 625 4440 singuli
639 4374 734 4424 autem
748 4381 835 4426 mem·

39 4461 96 4522 bra.
112 4465 295 4537 Quicumque
307 4479 378 4538 ergo
392 4465 499 4522 suntin
513 4462 569 4522 ilde
583 4464 727 4537 baptizati,
741 4464 836 4524 ellestt

38 4569 101 4620 sunt
115 4561 251 4622 mambra
271 4561 385 4620 Christi.
406 4564 442 4620 Et
461 4561 554 4620 audax
568 4568 612 4620 εει
625 4569 722 4620 noster
736 4564 832 4621 liono-

39 4659 104 4730 rius,
121 4661 173 4734 qui
185 4658 272 4719 verba
296 4659 426 4727 Genesis,
442 4675 474 4731 n,
494 4659 539 4729 ti,
562 4659 629 4717 bule
644 4661 836 4734 corporatinni

877 287 1112 358 nectebant.
1611 296 1672 362 dos

873 455 974 524 quarta
986 448 1016 511 lu
1027 449 1107 525 igne.
1123 448 1220 513 Prima
1233 449 1264 516 io
1279 463 1353 526 aqua
1370 449 1518 512 visibiliter
1534 420 1670 530 irequen.

873 552 949 606 tatur
963 547 993 606 in
1007 547 1171 608 Ecclesia...
1196 547 1327 612 Secunda
1348 549 1460 624 species
1484 549 1619 625 baptismi
1640 553 1680 622 tu¹

874 645 1009 720 lacrymis
1025 646 1184 706 celebratur
1206 662 1222 706 a
1248 648 1463 721 penitentibus.
1485 648 1566 710 Unde
1589 651 1677 714 bsai.
1791 679 1794 688 ·

874 743 959 804 mista
974 759 981 802 :
998 743 1114 805 Lavabo
1125 759 1176 818 per
1188 745 1317 820 singulas
1331 753 1431 806 noctes
1445 747 1550 806 lectum
1560 763 1671 822 meum,

875 840 1010 916 lacrymis
1023 843 1096 902 meis
1109 849 1230 905 stratum
1256 857 1353 904 meum
1381 845 1493 920 rigabo.
1520 845 1670 908 Lavabo...

875 940 1081 1002 conscientiam
1094 955 1189 1001 meam
1213 942 1383 1015 lacrymis.»
1400 944 1446 1012 At,
1467 943 1593 1006 munda
1606 945 1670 1018 pil·

876 1036 941 1096 dem
956 1037 1067 1111 species
1081 1037 1213 1112 baptismi
1229 1048 1272 1097 est
1288 1040 1336 1104 illa
1351 1055 1415 1114 que
1434 1040 1535 1100 dicitur
1550 1057 1566 1100 a
1582 1042 1671 1116 pluri·

875 1135 947 1198 bus:
963 1135 1108 1199 amundus
1118 1137 1287 1210 baptismus,
1299 1139 1345 1202 vei
1357 1138 1516 1212 baptismus
1529 1141 1670 1214 poeniten·

876 1234 933 1303 tle,
946 1249 1002 1292 uon
1015 1242 1111 1293 autem
1119 1234 1156 1300 da
1167 1236 1255 1302 altera
1261 1234 1359 1309 speeie
1369 1238 1683 1311 sacramentlloguitur·
1718 1261 1725 1272 ·

877 1332 1029 1402 Honorius,
1043 1345 1107 1405 que
1121 1333 1214 1392 vicem
1228 1333 1369 1393 obtineret
1387 1334 1480 1409 ipsius
1500 1334 1675 1396 sacramenti

877 1431 906 1488 la
918 1443 992 1502 aqua
1006 1429 1136 1490 collatis
1153 1432 1246 1490 Tertia
1259 1434 1372 1506 species
1382 1431 1518 1508 baptismi
1529 1432 1606 1510 [quae
1618 1435 1677 1492 erit

877 1531 1003 1588 secunda
1026 1529 1139 1603 species
1158 1529 1344 1606 sacramenti]
1371 1531 1401 1589 in
1427 1533 1673 1606 sangulns,aele·

877 1626 974 1686 bratur
995 1627 1025 1686 in
1050 1627 1178 1702 martyrii
1200 1629 1345 1702 passione.
1371 1628 1452 1688 Unde
1473 1631 1673 1704 Augustinus:

877 1726 931 1795 Qui
946 1725 1072 1784 nondam
1088 1735 1222 1800 percepto
1243 1727 1473 1800 regenerationis
1493 1728 1609 1786 lavacro
1623 1744 1675 1802 pro

878 1823 981 1884 Gbristl
994 1823 1175 1882 consessione
1185 1825 1479 1895 moriuntur,:tantuut
1492 1826 1538 1884 eis
1549 1826 1626 1884 valet
1636 1825 1685 1885 adt

880 1921 1019 1983 abluenda
1044 1929 1160 1996 peecata
1185 1920 1340 1993 consessio,
1360 1928 1498 1996 quantum
1526 1924 1551 1982 sl
1574 1923 1673 1982 ablue·

880 2027 977 2084 rentur
991 2019 1069 2078 lente
1082 2019 1272 2094 baptismatis.
1282 2021 1368 2090 Nam,
1381 2022 1422 2078 ait
1434 2022 1588 2092 Honorius,
1597 2036 1674 2080 mar·

879 2125 957 2192 tyreu
965 2117 1015 2192 qui
1037 2125 1108 2176 ante
1123 2117 1265 2192 baptisma
1281 2133 1333 2192 pro
1350 2117 1453 2178 ebriati
1468 2119 1586 2178 nomine
1609 2125 1677 2178 suut

880 2214 977 2286 occisi,
991 2215 1021 2276 ln
1035 2230 1089 2274 suo
1109 2215 1252 2290 sanguine
1276 2215 1430 2274 creduntur
1450 2215 1595 2290 baptizati.
1611 2219 1678 2274 ‚De

879 2312 1023 2387 baptismo
1036 2312 1172 2384 flaminis,
1187 2313 1258 2372 alias
1272 2327 1323 2388 per
1337 2321 1449 2386 votum,
1468 2315 1514 2372 vel
1531 2313 1678 2385 desiderii,

880 2426 944 2484 oue
961 2412 1042 2471 tertia
1057 2411 1170 2484 species
1183 2418 1228 2470 est
1241 2413 1425 2482 sacramenti,
1440 2419 1469 2470 ει
1481 2413 1577 2470 vicem
1599 2419 1678 2472 tenet

881 2509 971 2582 ipsius
988 2508 1122 2584 baptismi
1142 2523 1192 2583 per
1214 2523 1329 2582 aquam,
1345 2508 1416 2567 nibil
1433 2510 1462 2567 ln
1483 2509 1620 2568 Honorio.
1635 2509 1679 2568 llli

881 2605 992 2665 videtur
1002 2613 1102 2680 quarta
1115 2607 1226 2680 species
1244 2605 1394 2680 baptismi,
1408 2621 1465 2664 non
1480 2607 1671 2666 sacrementi:

884 2703 1025 2779 «quando
1047 2705 1141 2763 mittet
1168 2705 1307 2762 Dominus
1335 2706 1434 2778 ignem
1460 2705 1676 2764 comburentem

882 2803 1033 2874 elementa,
1049 2802 1078 2860 in
1091 2817 1148 2875 quo
1162 2803 1231 2876 igue
1247 2801 1476 2875 baptizabuntur,
1492 2801 1521 2860 ld
1535 2809 1580 2862 eat
1592 2817 1675 2860 mun·

882 2898 1024 2959 dabuntur
1035 2899 1128 2968 electi,
1145 2921 1156 2951 ι
1171 2900 1225 2958 col.
1241 2900 1306 2959 650.

918 2997 1119 3072 Exposuimus,
1133 3005 1162 3056 ut
1175 2999 1328 3072 potuimus,
1339 2997 1449 3072 quissit
1458 2998 1577 3056 lionorii
1587 2997 1615 3056 in
1627 2998 1683 3058 isto

883 3111 1016 3154 sermone
1035 3094 1224 3154 ratiocinandi
1237 3094 1349 3166 modus,
1372 3096 1434 3154 sive
1451 3095 1487 3154 de
1505 3104 1616 3172 septem
1637 3105 1680 3154 at·

883 3193 1034 3252 tendendis
1043 3195 1073 3252 in
1087 3193 1241 3268 baptismo,
1256 3194 1318 3252 sive
1332 3193 1368 3252 de
1380 3201 1502 3266 quatuor
1517 3195 1681 3253 renovatio·

884 3291 977 3362 nibus,
994 3291 1031 3350 de
1051 3291 1183 3362 testibus,
1193 3291 1287 3365 deque
1306 3291 1487 3363 testimoniis,
1503 3293 1550 3349 vel
1563 3291 1600 3350 de
1614 3307 1680 3366 spe·

884 3389 982 3448 clebus
1000 3390 1142 3462 loquatur,
1163 3404 1226 3462 quea
1249 3389 1347 3446 omnia
1368 3395 1398 3446 et
1416 3389 1546 3447 ordinata
1571 3396 1638 3446 sunt
1655 3395 1685 3446 et

885 3486 1036 3561 proiciunt
1055 3485 1091 3544 ad
1105 3487 1241 3545 saluteml
1261 3487 1330 3546 Cum
1350 3485 1476 3560 periculo
1490 3492 1588 3544 nostro
1603 3484 1683 3544 dedi·

885 3599 950 3643 mus
972 3583 1103 3657 exempla
1126 3583 1207 3657 queis
1229 3584 1357 3654 allectus,
1380 3583 1470 3642 lector
1488 3582 1637 3654 benevole,
1655 3590 1685 3643 tu

886 3683 992 3757 poteris
1020 3681 1135 3755 assequi
1163 3681 1312 3740 utilitatem
1334 3696 1472 3754 magnam
1498 3688 1529 3739 et
1551 3680 1685 3752 tructam,

885 3779 954 3840 dum
975 3781 1099 3838 volueris
1120 3780 1150 3838 in
1171 3780 1243 3838 alias
1262 3779 1394 3853 singulas
1415 3780 1570 3849 orationes,
1587 3795 1639 3838 seu
1654 3781 1684 3839 iu

887 3879 1050 3950 Sermones,
1066 3876 1190 3935 studium
1208 3885 1237 3935 et
1252 3877 1383 3946 laborem¹
1394 3876 1572 3951 impendere.

888 4085 945 4146 111.
959 4114 1001 4130 -
1013 4084 1142 4147 Notum
1160 4085 1197 4144 iu
1211 4085 1415 4144 Semtwnem
1428 4083 1631 4156 septimum,
1649 4085 1688 4144 in

927 4180 1121 4242 Nativitate
1144 4181 1284 4241 Domini
1308 4181 1512 4251 secularium,
1539 4178 1603 4240 col.
1627 4179 1688 4240 672

929 4276 1008 4339 inlr.

924 4464 993 4533 Quae
1003 4462 1040 4520 sit
1052 4463 1246 4521 Romanorum
1258 4460 1413 4535 singularis
1421 4475 1492 4536 erga
1500 4464 1531 4521 Β.
1539 4460 1689 4535 Virginem

890 4560 1003 4620 devotio
1013 4575 1098 4618 tremo
1107 4559 1206 4629 nescit,
1217 4573 1303 4632 quam
1315 4559 1355 4616 llti
1365 4559 1488 4618 Modone
1500 4566 1615 4630 vocam,
1625 4559 1689 4630 sod,

891 4657 967 4733 apud
978 4659 1052 4728 illos,
1065 4657 1127 4732 pari
1143 4657 1228 4714 modo
1239 4657 1330 4730 pietas
1344 4656 1500 4730 singularis
1512 4658 1614 4715 Filium
1626 4656 1690 4731 eius

38 4755 133 4816 tribuit
149 4775 157 4816 :
173 4759 236 4816 llec
251 4771 328 4815 nunc
342 4772 376 4814 os
392 4755 428 4815 de
447 4757 560 4815 ossibus
579 4758 662 4829 meis,
678 4765 787 4816 etcaro
801 4758 837 4817 de
890 4755 1060 4814 infantulum
1082 4754 1162 4824 colit,
1184 4753 1293 4824 adorat,
1314 4769 1399 4827 quem
1420 4755 1583 4813 centesimo
1602 4756 1688 4812 Bam·

39 4868 123 4912 carne
138 4869 218 4913 mea.
238 4854 358 4928 Spiritus
372 4863 490 4913 sauctus
502 4855 697 4914 testimonium
712 4856 838 4930 speciale
891 4855 955 4912 bino
969 4852 1073 4927 vulgus
1092 4853 1277 4925 nuncupavit.
1295 4853 1322 4908 ll
1336 4852 1473 4910 sanetae
1489 4870 1504 4910 ε
1522 4855 1551 4911 lc
1567 4854 1691 4913 Modone

38 4950 130 5010 reddit
157 4951 406 5022 sanctificationis,
430 4958 459 5009 et
487 4953 636 5024 potestatis
663 4951 738 5010 datm
758 4955 838 5011 omni
892 4952 1012 5026 quisque
1030 4951 1098 5009 totis
1120 4950 1276 5008 visceribus
1295 4957 1458 5021 veneratur,
1476 4957 1564 5021 amat,
1586 4951 1689 5025 diligit.

38 5050 187 5124 baptizato
208 5047 388 5124 ingrediendi
417 5063 539 5123 regnum
565 5051 628 5122 Dei,
644 5051 669 5108 si
689 5057 784 5108 mmen
803 5067 838 5109 ea
893 5052 992 5124 Neque
1013 5056 1109 5122 patres
1127 5064 1196 5107 suos
1211 5048 1366 5122 opinantur
1387 5048 1538 5123 ignorasse
1557 5048 1691 5122 mysteria

37 5155 185 5219 potestate
206 5162 265 5206 uon
289 5162 321 5205 se
336 5146 458 5220 privabit
474 5146 655 5206 multitudine
672 5147 839 5207 delictorum
893 5149 955 5219 liei,
971 5147 1058 5205 etiam
1071 5161 1158 5220 quum
1171 5147 1235 5206 tovi
1249 5155 1278 5205 ει
1291 5147 1352 5205 Diis
1367 5144 1444 5205 lalsis
1458 5147 1609 5213 servirent.
1623 5153 1692 5207 nato

39 5245 83 5302 vel
111 5245 288 5304 enormitate
309 5245 429 5319 peccati,
459 5245 575 5319 insuper
598 5253 628 5304 et
649 5247 751 5320 gratita
775 5262 839 5320 quaa
892 5247 951 5320 jam
967 5245 1099 5303 Domino.

38 5357 115 5401 nunc
136 5349 235 5417 potest
253 5343 367 5402 animas
380 5341 526 5402 vivificare
540 5351 569 5402 et
583 5351 681 5416 postea
694 5358 798 5418 corpus
810 5346 839 5403 in
930 5343 1072 5401 Honorius
1088 5349 1185 5400 noster
1200 5342 1336 5401 Romanis
1351 5341 1411 5400 suis
1425 5342 1588 5401 assentitur.
1607 5363 1619 5393 ι
1636 5343 1690 5400 Le·

38 5441 264 5500 resurrectione.
895 5441 1001 5516 gimus,
1019 5440 1121 5512 iuquit,
1141 5438 1217 5512 quod
1236 5439 1331 5498 Caesar
1349 5440 1506 5512 Augustus,
1522 5439 1594 5498 idest
1606 5439 1689 5498 Octa·

72 5540 208 5608 Quatuor
227 5546 293 5596 sunt
313 5538 426 5613 speeies
444 5537 589 5612 baptismi.
607 5540 732 5598 «Prima
753 5548 798 5599 est
812 5541 841 5598 in
896 5538 1008 5607 vienus,
1025 5537 1111 5595 lertur
1126 5537 1155 5594 in
1167 5536 1239 5594 coelo
1252 5535 1357 5595 vidisse
1369 5537 1518 5611 Virginem
1529 5543 1691 5610 gestantem

39 5649 130 5710 aqua,
153 5635 281 5695 secunda
308 5636 338 5694 in
366 5635 511 5708 lacrymis,
526 5638 609 5696 tertia
632 5638 662 5696 in
688 5639 840 5712 sauguine,
897 5638 1010 5707 Filium,
1035 5635 1071 5696 nd
1092 5635 1285 5696 ostensionem
1308 5634 1421 5696 sibilie.
1444 5657 1456 5688 ι
1480 5637 1544 5694 Non
1568 5635 1692 5694 adlrmat
