3968 6296
273 293 333 354 ssa
883 287 1068 377 ¹nortona
1087 259 1134 352 ru
1155 289 1304 352 orans.
1845 311 1896 376 ω,
1965 249 1966 252 ¹

272 449 433 518 Ecclesiae
448 453 606 514 Romanae
618 447 844 512 restituerent.
860 447 953 522 Quod
968 448 998 511 si
1009 463 1072 512 rex
1124 465 1218 512 crum
1233 451 1359 530 Corpus
1375 452 1421 516 sit
1430 453 1501 530 tibi,
1513 455 1600 522 siout
1612 458 1784 538 spossus,
1798 466 1835 528 ad
1849 437 1897 534 sa}

272 553 338 616 iroc
351 552 461 615 facere
474 547 665 626 denegaret,
681 563 725 608 ex
736 548 816 610 tunc
824 547 891 624 ipsi
901 547 1070 626 principes
1124 547 1241 624 lutem;
1253 548 1402 628 alioquin
1416 551 1554 632 indigne
1563 556 1725 635 percipies
1738 558 1815 624 illud
1823 565 1897 635 sicot

274 665 350 713 eum
366 663 473 728 neque
488 663 547 726 pro
562 651 641 722 rege
656 660 764 722 neque
779 661 838 722 pro
855 645 988 708 domino
1003 645 1069 708 ha·
1122 645 1237 718 iudas,
1258 647 1291 709 et
1305 647 1467 725 judicium
1489 651 1550 714 tibi
1570 651 1693 731 absque
1707 655 1801 722 dubio
1814 677 1897 725 man-

191 739 194 748 ’
272 749 353 812 bere
362 747 530 810 deberent.
539 743 663 816 Quibus
674 745 737 805 rite
752 742 926 822 completis
936 745 1071 823 etjura-
1123 743 1271 807 durabis.
1287 746 1327 808 Et
1342 746 1453 810 statim
1468 749 1510 812 ad
1525 750 1675 816 osculum
1689 769 1763 818 eum
1775 762 1895 838 recepit,

271 849 384 909 mento
401 843 554 916 firmatis,
571 841 860 918 archiepiscopum
884 843 1071 904 Treveren-
1123 842 1253 920 etpost
1280 843 1417 907 missam
1445 863 1519 909 cum
1555 848 1628 926 ipso
1649 850 1783 928 paterna
1803 855 1897 922 cbari-

273 961 343 1006 sem
365 940 528 1004 miserunt
544 943 694 1010 Romam,
709 939 924 1017 quatenusea
939 955 1012 1017 quae
1028 939 1068 1000 de
1121 940 1190 1002 tate
1218 941 1361 1005 comedit
1385 965 1393 1004 :
1423 945 1587 1022 praeterea
1614 954 1896 1020 excommunicatos

272 1040 420 1104 sedanda
432 1037 600 1100 discordia
618 1038 707 1098 inter
720 1037 904 1099 Ecclesiam
916 1038 1071 1114 etlmpe-
1122 1037 1178 1114 qui
1202 1055 1277 1100 cum
1298 1041 1388 1117 Rege
1411 1045 1576 1106 venerant
1590 1043 1670 1108 fecit
1683 1047 1815 1123 absolvi,
1827 1053 1895 1115 etin

270 1134 832 1212 niumcoustituerant,episcopiset
842 1133 1068 1196 cardinalibus
1121 1151 1204 1212 pace
1214 1152 1329 1200 omnes
1341 1139 1479 1202 dimisit.

270 1233 1070 1312 innotesceret,etpropterlrocRomanumPonti·
1160 1234 1190 1294 9.
1213 1237 1360 1298 Decurso
1384 1238 1497 1316 itaque
1512 1239 1673 1303 instantis
1685 1243 1763 1304 anui
1775 1245 1896 1322 circulo,

271 1337 367 1399 licem
389 1351 494 1412 usque
510 1333 550 1396 ad
566 1331 736 1394 civitatem
750 1333 933 1406 Augustam
950 1345 1069 1393 secure
1122 1347 1320 1411 quamquam
1335 1335 1370 1396 in
1384 1335 1470 1398 facie
1485 1337 1642 1400 Pontifici
1658 1355 1719 1402 rex
1732 1341 1857 1406 devotus
1870 1349 1899 1410 et

270 1434 480 1499 conduceret.
499 1431 561 1494 Sed
579 1430 663 1508 quod
684 1429 917 1491 fraudulenter
930 1428 1067 1490 archie—
1122 1428 1279 1494 obediens
1292 1433 1473 1508 videretur,
1487 1435 1588 1498 corde
1603 1439 1636 1498 et
1648 1452 1756 1515 opere,
1768 1440 1897 1506 sicutrei

270 1526 1066 1613 piscopus(o)ipse,pervelatamregisastutiam,
1120 1527 1894 1609 effectuspostmodumindicauit,contrariussi·

270 1633 386 1709 captus
410 1629 510 1690 fuerit
528 1626 615 1704 apud
638 1625 855 1697 Placentiam,
872 1626 906 1687 et
919 1625 1069 1703 postmo-
1120 1625 1165 1700 bi,
1187 1630 1221 1690 et
1241 1643 1371 1706 semper
1389 1630 1424 1692 in
1444 1631 1578 1693 insidiis
1597 1632 1777 1697 efficaciter
1792 1638 1895 1699 emm,

270 1730 347 1791 dum
363 1729 421 1791 V11
443 1727 615 1798 liberatus,
632 1724 769 1802 propter
782 1723 932 1786 historiae
953 1724 1067 1802 10118'1-
1120 1727 1299 1788 Nocturnis
1307 1729 1396 1790 enim
1404 1730 1705 1807 temporibus,cum
1715 1732 1861 1796 Guiberm
1870 1738 1898 1798 et

266 1828 417 1892 tudinem
430 1823 711 1904 pretermittimus
726 1821 884 1884 scribere.
1120 1825 1235 1887 Gentio
1243 1829 1391 1888 Romano
1398 1827 1471 1891 siro
1482 1829 1698 1906 nequissimo,
1706 1829 1746 1892 de
1755 1847 1898 1908 quomen-

304 1928 339 1988 ’8-
362 1923 575 1987 Venerabilis
603 1921 716 1998 itaque
750 1936 837 1998 papa
866 1921 1064 1998 Gregorius,
1119 1923 1243 1986 tionem
1252 1923 1898 2003 fecimussuperius,etaliisEoclesiaeini·

267 2023 384 2086 audita
403 2020 571 2098 legatione
591 2018 760 2080 tantorum
776 2016 973 2094 principum,
989 2017 1067 2080 licet
1120 2021 1216 2083 micis
1244 2022 1455 2088 familiariter
1480 2023 1694 2102 loquebatur,
1719 2027 1751 2088 et
1775 2027 1896 2090 nefariis

269 2114 1065 2200 gravissimalriemsinstaretnetantumbonum,
1119 2122 1393 2184 eoruiuconsiliis
1408 2123 1896 2202 favorempraestabatsedcum

269 2219 357 2298 (lUOd
378 2219 419 2279 ‘¹⁰
434 2233 515 2295 Pace
532 2213 740 2292 sperabatur,
757 2229 818 2290 Per
828 2213 935 2290 ipsius
956 2212 1066 2290 11⁶in-
1119 2218 1249 2282 videret
1266 2222 1390 2296 Papam
1403 2221 1600 2297 Gregorium
1620 2238 1641 2283 a
1656 2223 1765 2285 castro
1778 2224 1896 2286 Canusii

268 2317 417 2394 gentiam
430 2314 632 2384 remaneret,
650 2328 725 2374 cum
745 2310 861 2372 eodem
880 2310 1067 2388 archiepis-
1120 2317 1319 2380 nullomodo
1334 2334 1433 2396 posse
1445 2317 1719 2398 divelli,Papin1n
1727 2323 1896 2384 moraturus
1965 2369 1966 2372 ,

269 2431 352 2496 copo
367 2405 474 2492 ipsius
489 2411 620 2474 itineris
632 2408 860 2471 difficultatem
871 2409 1064 2486 assumpsit,
1119 2414 1494 2492 perrexit,ubieumdem
1502 2417 1896 2496 Gentiumpessimamorte

269 2519 304 2578 et
327 2527 431 2592 usque
455 2511 495 2572 ad
511 2508 683 2572 Vercellas
704 2506 878 2584 processit.
892 2509 940 2568 Eo
954 2508 1065 2569 autem
1118 2512 1309 2575 defunctum
1324 2513 1466 2590 iuvenit3
1482 2518 1577 2593 quus
1595 2515 1799 2579 exsecrabile
1811 2517 1895 2578 funus

267 2614 354 2676 nihil
376 2610 513 2673 sinistre
536 2606 725 2684 suspicante
746 2604 788 2666 de
810 2605 901 2682 regis
922 2607 1066 2682 promis·
1118 2609 1205 2672 idem
1221 2610 1482 2699 Guihertuscum
1495 2614 1627 2675 caeteris
1641 2614 1894 2677 excommunica-

267 2711 374 2784 sione,
389 2707 526 2786 repente
539 2704 699 2777 insonuit,
717 2702 803 2782 ‘luod
818 2703 891 2780 ipse
903 2719 964 2765 rex
977 2704 1066 2766 uelo-
1117 2708 1161 2771 tis
1184 2709 1369 2787 pompatice
1391 2711 1424 2772 et
1445 2710 1707 2774 lamentabiliter
1723 2711 1893 2774 celebravit.

267 2809 402 2873 cissimo
423 2821 524 2868 cursu
542 2806 613 2881 jam
635 2801 818 2866 transierat
838 2801 950 2879 Alpes,
973 2803 1006 2864 et
1028 2803 1063 2864 iu
1117 2807 1239 2870 Eodem
1254 2808 1414 2884 tempore,
1431 2824 1505 2869 cum
1526 2824 1589 2870 rex
1603 2811 1768 2872 Henricus
1781 2810 1813 2872 in
1826 2825 1895 2887 par-

266 2903 584 2971 occursuPontillcis
594 2901 763 2964 hostiliter
772 2899 962 2962 festinabat.
971 2891 1063 2973 Quod
1116 2904 1205 2967 tibus
1215 2905 1319 2967 Italiae
1329 2907 1528 2980 moraretur,
1540 2907 1711 2985 principes
1721 2908 1811 2985 regni
1821 2907 1893 2984 apud
1965 2941 1966 2946 κ

265 3006 395 3068 facinus
429 3001 638 3079 inopinatum
677 3000 851 3076 postquam
888 2997 1063 3075 episcopus
1116 3002 1230 3064 sillam
1245 3003 1407 3065 Forchem
1423 3003 1470 3084 (1)
1486 3005 1522 3066 iu
1539 3021 1641 3066 unum
1657 3006 1781 3084 pariter
1793 3021 1894 3068 conse

264 3100 488 3168 vercellensis
501 3097 666 3175 cognovit,
684 3096 762 3158 licet
782 3095 873 3172 regis
894 3096 1063 3158 cancella·
1115 3102 1247 3174 nerunt,
1265 3103 1297 3163 et
1311 3105 1522 3177 Resupnum
1533 3104 1706 3179 egregium
1719 3103 1828 3166 ducem
1840 3102 1893 3164 sibi

264 3201 336 3264 rius
361 3197 550 3270 baberetur,
568 3194 721 3257 Pontifici
739 3194 852 3256 tamen
871 3194 923 3255 rei
936 3195 1062 3257 verita·-
1114 3199 1149 3260 in
1163 3214 1275 3274 regem
1287 3199 1491 3262 unanimiter
1500 3200 1686 3277 elegerunt,
1693 3201 1799 3267 virum
1808 3200 1894 3278 siqui·
1965 3193 1966 3284 j

263 3303 331 3363 tem
358 3297 502 3360 fideliter
524 3294 702 3357 intimarit.
729 3295 799 3364 Quo
825 3292 939 3354 audito
965 3295 998 3355 et
1024 3294 1060 3355 in
1114 3295 1188 3358 dem
1210 3297 1323 3374 magni
1345 3298 1490 3371 consilii,
1505 3299 1587 3360 etin
1603 3300 1707 3362 armis
1722 3299 1894 3377 frequenter
1965 3305 1966 3308 ’

262 3399 405 3464 veritate
427 3396 605 3472 comperto,
628 3391 783 3454 Pontifex
807 3390 918 3452 statim
941 3393 1061 3454 avertit
1113 3397 1298 3473 expertum,
1315 3411 1354 3457 ac
1365 3395 1464 3456 nimis
1479 3396 1656 3458 illustrem.
1675 3397 1765 3471 Quod
1779 3396 1831 3458 ubi
1842 3411 1893 3456 rex
1965 3439 1966 3452 .

262 3495 423 3566 habenas,
444 3493 478 3555 et
500 3491 541 3552 ad
564 3489 766 3552 tutissimum
788 3489 934 3550 castrum
955 3489 1061 3550 comi·
1112 3493 1276 3556 ilenricus
1292 3493 1429 3567 audivit,
1446 3509 1511 3555 non
1531 3495 1747 3558 mediocriter
1759 3509 1892 3558 commo-

261 3594 356 3655 fissae
381 3589 572 3661 ltlatlrildis,
600 3587 689 3649 beati
717 3586 808 3649 Petri
836 3585 1059 3649 devotissimae
1111 3590 1236 3665 tusest,
1254 3592 1335 3653 etin
1350 3591 1558 3653 iracundiam
1572 3593 1788 3656 uehementer
1802 3606 1892 3653 exar-

136 3681 138 3684 ’
262 3691 352 3764 tiliae,
366 3689 453 3768 quod
474 3687 597 3749 dicitur
611 3685 803 3758 Canusium,
821 3701 887 3746 non
912 3685 1060 3761 segniter
1112 3688 1166 3750 sit.
1178 3689 1518 3763 Verumtamen,sicut
1531 3690 1779 3754 vircelliduset
1791 3703 1892 3765 sagax,

261 3787 442 3858 festinarit,
459 3787 542 3846 etse
560 3783 692 3861 intuto
713 3781 963 3844 cumfratribus
986 3783 1057 3844 suis
1112 3787 1281 3848 dominum
1309 3789 1434 3864 Papam
1463 3789 1661 3865 Gregorium
1689 3805 1750 3868 per
1773 3786 1893 3850 nuutios

260 3885 397 3962 recepit.
414 3887 486 3946 liex
501 3896 592 3953 sero,
607 3879 789 3958 perpetrati
802 3879 942 3957 perjurii
955 3895 1057 3941 cous·
1097 3899 1188 3944 ¹suos
1203 3882 1323 3946 blande
1338 3886 1371 3946 et
1385 3885 1558 3947 humiliter
1571 3887 1726 3950 exoravit
1744 3887 1892 3965 quatenus

260 3984 344 4057 ciue,
361 3982 417 4044 uhi
439 3983 569 4043 reatum
592 3995 689 4040 surum
708 3977 936 4040 indubitanter
949 3977 1058 4056 publi·
1112 3981 1262 4042 eumdem
1286 3985 1499 4058 noeentum
1533 3999 1612 4046 mox
1637 3982 1892 4046 excommunica-

260 4085 371 4146 oatum
395 4079 568 4157 cognovit,
592 4077 742 4154 deposita
766 4076 953 4150 ferocitate,
978 4078 1056 4140 tan·
1109 4080 1193 4141 tium
1217 4079 1406 4158 suinceret.
1435 4081 1591 4144 Pontifex
1618 4083 1741 4157 autem,
1765 4079 1891 4143 consilio
1965 4085 1966 4178 ἶ

259 4197 358 4260 quam
369 4177 485 4258 uirlpes
497 4175 884 4253 callida‚simplicitatem
896 4175 1057 4238 columbi·
1110 4177 1234 4252 habito,
1251 4178 1423 4256 respondit
1435 4194 1470 4240 se
1485 4179 1549 4240 hoc
1570 4178 1715 4243 libenter
1728 4179 1890 4246 facturum,¹

258 4297 337 4342 uam
349 4280 468 4351 induit,
485 4279 639 4353 eiusque
660 4274 702 4336 ad
724 4275 834 4352 ipsum
852 4275 1008 4349 castrum,
1021 4274 1057 4337 ut
1111 4277 1141 4338 si
1154 4279 1348 4352 apompeus
1360 4292 1380 4338 a
1394 4293 1430 4337 se
1440 4278 1576 4338 vocatus
1589 4277 1753 4340 rationem
1763 4277 1812 4338 sui
1823 4271 1890 4336 facti

259 4379 444 4441 mereretur
467 4373 616 4447 absolui,
643 4374 838 4439 Pontificem
866 4373 961 4450 sequi
989 4389 1056 4435 non
1109 4374 1248 4436 reddere
1260 4374 1365 4438 nollet
1379 4395 1386 4435 ε
1400 4390 1467 4435 non
1483 4374 1572 4435 enim
1582 4377 1710 4454 justum
1726 4375 1783 4437 aut
1799 4371 1892 4435 ratio·

259 4476 403 4540 destitit:
419 4477 455 4537 in
468 4491 532 4552 quo
545 4474 618 4536 loco
634 4471 856 4550 supernivem
869 4472 902 4533 et
914 4470 1054 4547 glaciem
1108 4471 1219 4533 nabile
1242 4471 1426 4544 videbatur,
1442 4472 1479 4533 ut
1493 4471 1687 4550 priusquam
1704 4469 1890 4536 contenire-

258 4576 358 4637 nudis
373 4573 512 4652 pedihus
527 4589 588 4650 per
602 4571 673 4632 dies
690 4570 816 4647 aliquot
831 4569 931 4640 stetit,
949 4571 982 4630 et
995 4569 1056 4630 ab·
1108 4571 1163 4632 tur
1177 4570 1532 4632 excommunicationis
1545 4569 1656 4646 gladio
1677 4571 1790 4648 puniri
1803 4565 1891 4630 debe·

258 4672 433 4733 solutionis
449 4671 591 4747 gratiam
607 4666 847 4730 instantissime
863 4665 1051 4743 postulavit.
1107 4667 1168 4728 ret.
1200 4669 1306 4744 Hujus
1334 4669 1447 4744 itaque
1475 4668 1702 4744 responsionis
1730 4665 1890 4730 occasione

256 4771 338 4831 Post
360 4769 481 4830 multas
504 4768 614 4845 itaque
638 4764 897 4843 disceptationes
913 4765 946 4826 et
960 4765 1053 4829 varia
1108 4765 1268 4826 adversus
1292 4763 1487 4825 Pontificem
1503 4767 1681 4828 maximam
1697 4762 1889 4842 indignatio·
1965 4825 1966 4832 χ

218 4899 220 4904 -
257 4866 409 4935 consilia,
424 4866 498 4941 post
512 4863 774 4926 satisfactionem
787 4864 820 4924 et
834 4862 1052 4926 absolutionis
1106 4877 1182 4922 nem
1197 4860 1364 4937 concepit;
1381 4859 1438 4921 sed
1454 4863 1530 4939 quia
1543 4863 1742 4940 gravissimu
1754 4861 1816 4924 sibi
1833 4874 1888 4922 ue-

256 4961 409 5041 gratiam,
424 4959 511 5020 idem
527 4959 681 5022 Pontifex
703 4959 791 5022 inter
806 4959 982 5021 missarum
998 4975 1054 5023 so-
1106 4958 1195 5034 gotia
1225 4955 1478 5032 incumbebant,
1506 4959 1569 5022 hoc
1595 4961 1835 5039 praetermisso,
1857 4956 1887 5017 iu

256 5059 369 5125 lennia
383 5057 466 5134 regi,
481 5056 624 5118 hostiam
647 5056 770 5120 Christi
793 5059 978 5133 porrigens
996 5058 1051 5120 di·
1106 5056 1281 5118 Franciam
1305 5055 1338 5117 et
1358 5056 1534 5118 Bavariam
1563 5061 1888 5134 coutraliodrdpltam

255 5160 307 5223 xit
330 5181 337 5220 :
356 5157 391 5220 Si
417 5154 517 5218 corde
543 5152 629 5214 bono
658 5153 800 5224 accedia,
819 5155 852 5215 et
879 5155 964 5232 quod
994 5171 1052 5217 ore
1105 5154 1140 5216 in
1156 5169 1256 5214 manu
1275 5152 1387 5214 valida
1404 5153 1593 5218 festinavit:
1610 5173 1629 5218 e
1648 5159 1762 5219 couma
1775 5155 1888 5218 Rodaci-

255 5256 422 5339 profrteris
438 5253 519 5316 mihi
535 5251 712 5315 observare
736 5249 895 5326 disponis,
913 5251 975 5314 hoc
995 5269 1053 5314 sa·
1100 5255 1201 5328 pirus,
1218 5249 1258 5312 de
1272 5249 1402 5329 justitia
1429 5267 1489 5313 sua
1512 5253 1692 5328 conlidens,
1707 5254 1748 5318 ad
1763 5249 1887 5316 conflio-

291 5442 332 5518 (α)
356 5441 423 5510 Udo,
440 5438 609 5513 qrrilrusdam
633 5437 709 5504 Ado,
738 5434 915 5493 Trevirensis
937 5435 1047 5496 archie-
1104 5435 1313 5496 sionefaotam.

257 5517 401 5590 piscopos,
413 5512 448 5570 nb
460 5527 507 5568 sn.
520 5511 588 5570 lodi
604 5508 639 5566 ad
656 5507 725 5566 1078
740 5524 747 5563 :
765 5506 895 5564 meminit
909 5507 994 5580 buius
1009 5510 1048 5566 le·
1139 5507 1178 5580 fl)
1200 5505 1360 5577 Porcbeim,
1377 5521 1412 5566 en
1427 5506 1545 5570 Baviere
1564 5499 1885 5582 (uene-rumonim
1965 5473 1966 5538 l

255 5587 382 5660 gationis
397 5587 549 5642 browerus
561 5583 589 5637 in
604 5581 712 5637 Aranni.
728 5577 847 5644 Treuir,
863 5577 899 5636 ad
909 5589 957 5636 an.
970 5579 1048 5649 1077,
1103 5579 1138 5638 ab
1151 5578 1201 5638 kil.
1216 5577 1250 5635 do
1260 5577 1412 5655 liunberg.

256 5672 335 5714 uum
351 5653 468 5726 b'i;sed
482 5651 625 5726 ignoravit
643 5650 776 5724 injuriam
789 5647 881 5709 Udoni
909 5663 943 5706 ea
964 5665 1048 5709 occa·
