3954 6358
40 244 116 321 ooo
637 193 1116 324 murrruuuuoourm.
1640 237 1700 304 aaa

37 405 169 483 jacula
195 403 389 468 tentationis
415 403 585 466 muniendi
615 420 729 467 sumus
757 404 850 468 scuto
903 407 1035 470 Deus.»
1058 406 1150 468 Tunc
1168 417 1247 482 ergo
1270 399 1464 466 thesaurum
1478 397 1595 480 gradec
1611 415 1696 478 ape·
1824 413 1827 418 ’

41 504 181 564 divinae
195 502 421 582 protectionis.
828 537 829 542 κ
903 503 1018 576 rimus,
1056 501 1186 580 quando
1220 501 1401 563 secundum
1432 499 1586 576 gratiam,
1623 513 1697 578 quae

92 601 242 662 Possunt
256 600 366 662 autem
377 615 443 662 non
453 599 724 663 inconvenienter
737 617 851 678 supra·
903 600 998 664 uobis
1011 599 1088 662 data
1104 601 1164 673 est,
1176 598 1298 661 bonum
1313 613 1501 676 operamur,
1517 596 1602 658 sicut
1617 595 1697 657 dicit

43 697 156 760 dictae
179 697 321 776 quatuor
339 698 548 772 tentationes,
566 699 693 776 quaeda
709 698 848 776 siugulis
902 699 1094 776 Apostolus:
1119 701 1242 764 Gratia
1264 700 1385 760 Datin
1412 712 1467 758 ma
1494 709 1604 757 comta
1627 707 1697 756 non

43 796 173 858 electis
190 795 286 858 dictae
300 795 391 868 sunt,
408 795 508 858 etiam
523 798 645 857 sanotae
668 797 848 870 universali
902 799 979 872 snit,
1003 799 1037 860 at
1054 797 1172 876 pratia
1197 800 1272 870 ajin
1291 809 1430 870 semper
1446 798 1484 857 in
1499 808 1555 856 mc
1578 790 1697 854 manet

42 892 214 954 Ecclesiae
233 909 295 970 pro
310 892 441 956 diverso
455 893 543 955 statu
557 894 741 972 temporum
756 895 848 956 adsi·
904 893 933 976 (l
948 897 1021 958 Cor.
1039 911 1096 968 xv,
1113 893 1177 975 10).

42 991 165 1065 gnari.
180 991 292 1053 Primo
306 1006 449 1068 namque
463 1007 562 1069 passa
575 993 625 1054 est
638 993 762 1056 timore
774 1008 849 1056 noc·
941 995 988 1055 De
1008 993 1072 1056 hoc
1087 993 1243 1056 thesauro
1258 990 1396 1070 quilibet
1410 989 1611 1052 christianus
1632 985 1695 1049 do-

42 1087 162 1149 turno
184 1087 220 1148 in
245 1088 473 1164 persecutione
493 1091 686 1168 martyrum,
702 1091 848 1152 secundo
900 1089 955 1156 het
970 1091 1090 1154 afferre
1104 1091 1170 1154 tria
1191 1105 1329 1152 munera
1343 1087 1543 1152 humanitati
1555 1085 1691 1158 Christi,

40 1183 82 1246 in
98 1201 186 1262 pace
199 1201 259 1248 sua
271 1187 423 1249 camertes
436 1189 583 1264 sagittas
600 1187 843 1251 haereticorum.
902 1189 987 1251 siout
1009 1189 1099 1266 Magi
1113 1187 1304 1252 obtulerunt
1317 1202 1445 1259 aurum,
1462 1187 1538 1247 thus
1553 1185 1586 1246 et
1597 1198 1692 1260 myr-

42 1283 187 1344 Patitur
217 1299 305 1346 nunc
342 1285 517 1361 nepottum
538 1289 783 1359 perambulans
810 1289 847 1348 in
901 1286 1007 1348 rham.
1023 1289 1150 1350 Aurum
1162 1285 1246 1364 regi,
1259 1285 1338 1364 quia
1359 1300 1477 1345 aurum
1491 1282 1563 1358 regi
1577 1280 1693 1342 reddi-

43 1381 220 1454 tenebris,
244 1397 286 1442 ex
301 1380 488 1459 frequentia
502 1382 760 1462 hypocritarum.
777 1386 846 1446 Pa·
899 1385 1017 1448 turin
1050 1385 1220 1448 tributum.
1256 1384 1346 1446 Thus
1384 1382 1522 1444 offertur
1556 1383 1623 1441 Deo
1657 1378 1694 1438 in

41 1476 156 1540 tietur
173 1480 210 1538 in
229 1479 376 1556 tempore
389 1480 584 1542 antichristi
609 1485 787 1546 incursum
813 1483 847 1544 et
901 1481 1112 1546 sacrificium.
1141 1482 1278 1562 Myrrha
1296 1496 1376 1544 uero
1396 1479 1601 1542 mortuorum
1614 1491 1692 1537 cor-

40 1578 264 1638 doemouium
278 1581 530 1651 meridianum,
547 1580 678 1656 quando
690 1580 768 1642 talis
784 1581 848 1644 erit
900 1596 983 1659 pora
996 1580 1207 1644 condiuntur.
1223 1584 1348 1642 Aurum
1363 1577 1503 1639 affertur
1514 1575 1598 1651 regi,
1615 1573 1694 1651 quia

41 1673 238 1747 tribulatio,
259 1674 367 1752 qualis
393 1691 462 1738 non
489 1675 562 1750 fuit,
584 1692 627 1738 ex
648 1694 711 1755 quo
731 1681 846 1756 gentes
899 1678 962 1740 fuit
976 1695 1018 1740 ex
1030 1679 1123 1754 regia
1135 1679 1168 1740 et
1182 1675 1385 1740 sacerdotali
1396 1674 1496 1736 trihu.
1513 1671 1589 1734 Fuit
1602 1685 1694 1732 narn·

43 1788 127 1834 esse
141 1773 324 1849 coeperunt,
339 1773 497 1851 usquead
510 1775 637 1852 tempus
652 1775 746 1837 illud.
900 1791 963 1853 que
978 1793 1040 1838 rex
1058 1777 1239 1838 secundum
1256 1773 1343 1853 quod
1356 1773 1392 1834 in
1412 1772 1485 1852 ipsa
1498 1769 1694 1848 genealogia

88 1870 257 1932 Similiter
281 1870 414 1947 fragilia
438 1887 568 1949 quoque
603 1873 679 1934 sunt
706 1889 846 1952 corpora
900 1873 1021 1938 dicitur
1038 1895 1046 1936 :
1064 1874 1187 1936 dentati
1208 1877 1333 1948 ioseph
1354 1867 1629 1940 otrum'Martoe,
1652 1869 1693 1929 da

38 1967 168 2030 nostra
187 1968 321 2044 propter
346 1967 495 2030 diversas
520 1969 745 2048 infirmitates,
763 1987 845 2048 quas
899 1987 967 2046 aua
978 1961 1691 2046 natmestlesuschrtstus.(Matth.1,16).

41 2064 202 2141 quotidie
220 2080 280 2141 pro
299 2066 443 2142 peccatis
461 2066 583 2128 uostris
598 2067 753 2144 patimur.
779 2069 845 2130 Alii
899 2069 975 2130 Fuit
989 2069 1088 2132 etiam
1103 2073 1186 2141 Rex,
1203 2067 1301 2146 prout
1315 2065 1473 2144 scriptum
1486 2063 1537 2126 est
1550 2062 1584 2123 in
1594 2061 1690 2123 titulo

41 2163 142 2224 enim
158 2178 202 2224 ex
216 2162 312 2224 nohis
327 2163 468 2226 diversis
483 2163 629 2226 febribus
649 2167 842 2240 aestuamur,
898 2165 1057 2244 triumphi
1077 2168 1153 2228 sui:
1177 2168 1282 2227 Jesns
1301 2167 1509 2227 Nazarenam
1526 2164 1601 2221 Rea
1623 2162 1690 2220 Ju-

40 2259 109 2322 alii
139 2259 228 2321 fame
252 2261 285 2322 et
312 2259 367 2322 siti
394 2262 595 2336 cruciantur,
623 2263 683 2326 alii
704 2263 844 2326 diversis
899 2258 1357 2342 daomm.(toan.xrx,19).
1383 2261 1446 2326 Qut
1468 2258 1574 2321 etiam
1591 2256 1691 2318 habet

38 2357 301 2419 infirmitatibus
323 2357 527 2434 affliguntur,
550 2360 609 2420 alii
630 2359 771 2423 diversis
793 2362 846 2424 la·
898 2364 935 2423 tn
953 2362 1157 2424 uestimento
1169 2362 1203 2422 et
1217 2364 1254 2422 in
1268 2363 1400 2434 femore
1420 2370 1482 2419 suo
1496 2355 1692 2430 scriptum:

34 2454 187 2516 boribus
224 2455 257 2517 et
287 2454 557 2518 tribulationibus
585 2457 776 2534 fatigantur.
805 2462 845 2522 Et
897 2459 975 2522 Rem
1004 2474 1128 2534 rapam
1160 2458 1194 2520 et
1224 2460 1393 2519 Dominus
1426 2451 1690 2516 dominantium.

38 2552 122 2612 haec
136 2552 249 2614 omnia
264 2554 341 2615 suut
360 2551 400 2614 ad
425 2553 636 2630 probationes
661 2555 842 2618 hominum.
899 2552 1099 2633 (aponum,
1119 2553 1183 2633 16).
1198 2555 1288 2616 Thus
1303 2553 1492 2615 obtulerunt
1511 2549 1687 2621 sacerdoti,

40 2649 145 2710 Unda
158 2649 193 2710 iu
206 2648 290 2710 libro
304 2649 482 2726 Sapientiae
496 2673 503 2711 :
528 2655 703 2726 Tanquam
716 2669 844 2716 aarum
898 2652 938 2714 de
952 2669 1016 2730 quo
1031 2651 1136 2715 David
1150 2652 1207 2725 ait,
1224 2651 1353 2713 scilicet
1365 2651 1406 2712 de
1421 2648 1551 2711 Christo
1568 2668 1575 2707 :
1591 2651 1639 2709 f'u
1653 2661 1692 2708 es

37 2749 80 2807 in
110 2749 253 2821 sortiare
267 2749 440 2820 probavit,
467 2748 590 2810 eiectos
615 2752 792 2824 Dominus,
810 2753 844 2814 et
896 2753 1058 2812 sacerdos
1074 2753 1112 2811 in
1132 2751 1304 2812 :eternum
1325 2749 1511 2810 secarzdum
1532 2747 1691 2806 ordiracm

37 2847 150 2917 qnasi
187 2845 373 2906 holocausti
412 2845 561 2908 hostiam
604 2848 733 2922 accepit
770 2851 843 2912 titos
895 2845 1226 2926 Melchisedechffs.
1237 2848 1305 2920 109,
1317 2843 1362 2925 4).
1375 2841 1618 2906 Melchisedech
1628 2839 1692 2902 fuit

40 2940 145 3020 (Sap.
159 2955 209 3013 111,
225 2938 270 3020 6).
287 2941 374 3002 Deus
385 2940 537 3023 probavit
551 2942 673 3004 electos
686 2945 841 3024 tanquam
896 2960 957 3006 rex
967 2944 1090 3013 Salam,
1103 2944 1257 3007 sacerdos
1266 2943 1397 3005 Domini
1411 2940 1541 3009 summi,
1553 2943 1612 3016 put
1621 2952 1691 3000 nort

37 3055 167 3100 aurum
183 3039 219 3098 in
233 3038 379 3110 fornace,
405 3039 438 3102 et
459 3039 674 3102 sicutaurum
689 3042 842 3106 clarescit
893 3057 959 3116 per
980 3045 1186 3118 sanputncm
1208 3045 1387 3106 hircorum
1417 3040 1480 3102 aut
1502 3039 1691 3100 vitulorum

37 3135 169 3197 ardore
194 3135 349 3209 fornacis
366 3136 414 3197 ita
428 3136 526 3198 electi
538 3154 597 3214 per
608 3139 719 3201 varias
734 3142 843 3204 tenta·
895 3143 955 3202 sed
964 3155 1032 3214 per
1040 3145 1227 3214 proprium
1241 3143 1447 3218 saripninem
1462 3136 1620 3199 introivit
1634 3149 1691 3196 se-

35 3235 155 3296 tionas
170 3233 204 3295 et
217 3249 277 3310 per
295 3233 549 3296 amaritudinem
564 3237 729 3311 passionis
744 3239 840 3300 tran·
894 3243 961 3300 met
968 3239 1143 3314 insaucia,
1155 3240 1289 3300 aeterna
1298 3237 1533 3311 redemptione
1547 3233 1689 3296 incenia

36 3331 159 3393 sibunt
172 3330 208 3392 in
222 3331 430 3406 splendorem
445 3331 591 3394 coelestis
612 3331 838 3398 beatitudinis.
896 3332 1009 3412 (Habr.
1027 3351 1074 3408 rx,
1095 3335 1158 3415 12),
1176 3335 1331 3398 Pontifex
1347 3334 1454 3396 factus
1466 3333 1501 3394 in
1516 3332 1687 3395 aeternum.

35 3430 89 3490 Et
111 3431 245 3503 accepit
271 3444 328 3498 eos
357 3432 457 3503 puasi
480 3429 628 3494 liosttam
656 3434 841 3494 holocausti
894 3433 934 3492 Et
946 3431 1024 3493 licet
1038 3431 1139 3494 fuerit
1153 3449 1196 3494 ex
1209 3433 1310 3494 tantis
1325 3431 1486 3498 tribubus,
1501 3429 1688 3490 fuittamen

38 3523 158 3605 (ibid).
176 3526 292 3588 Hostia
314 3525 500 3588 holocausti
517 3527 587 3588 tcta
600 3528 695 3590 nocte
712 3545 842 3592 orema-
895 3527 1065 3604 mortalis:
1082 3533 1163 3604 quia
1174 3545 1257 3593 aare
1270 3535 1455 3606 latipuores
1466 3528 1603 3588 nostros
1615 3527 1689 3598 ipse

36 3624 142 3684 batur
152 3623 189 3682 in
202 3623 313 3684 altari.
326 3625 402 3685 Nox
412 3625 463 3686 est
472 3624 541 3686 vita
550 3641 718 3703 praesens:
736 3627 840 3690 altare
895 3626 988 3698 tutti,
1019 3627 1053 3688 at
1084 3629 1217 3690 dolores
1250 3627 1388 3688 nostros
1426 3629 1499 3701 ipse
1532 3620 1689 3700 portauit

36 3719 140 3792 fides:
164 3718 252 3795 ignis
278 3720 434 3782 charitas.
452 3722 565 3784 iustus
589 3724 753 3785 crematur
770 3726 839 3787 tota
891 3719 952 3802 tls.
977 3737 1048 3792 uur,
1085 3721 1136 3802 4),
1171 3723 1249 3800 quia
1270 3724 1405 3800 peccata
1435 3721 1549 3784 nostra
1573 3717 1689 3796 pertu-

35 3818 140 3880 nocte
170 3817 205 3878 in
229 3817 338 3890 altari,
364 3818 449 3882 idest
472 3818 562 3880 omni
589 3819 736 3897 tempore
761 3823 839 3884 ritae
894 3820 933 3881 lit
954 3819 989 3880 in
1014 3835 1151 3898 corpore
1174 3836 1235 3882 suo
1265 3836 1366 3897 super
1393 3820 1531 3894 lignum.
1558 3815 1688 3878 obtule·

34 3914 230 3992 praesentis.
252 3915 382 3977 Positus
400 3915 436 3976 in
456 3915 521 3977 tide
542 3916 731 3990 Trinitatis,
747 3919 841 3981 ardet
894 3917 972 3979 runt
990 3917 1174 3994 myrrham3
1201 3918 1335 3994 myrrha
1350 3933 1429 3980 uero
1452 3916 1543 3977 arcet
1556 3927 1687 3975 vermes

34 4013 118 4087 igne
151 4011 337 4074 charitatis.
365 4013 480 4074 Uritur
507 4013 607 4074 etiam
635 4013 734 4076 homo
761 4014 839 4091 igne
893 4011 1367 4088 acorporibusmortuorum,
1392 4011 1520 4088 etipsa
1546 4023 1686 4085 corpora
1816 4073 1818 4078 ,

34 4108 285 4185 tribulationis;
311 4110 399 4171 unde
416 4109 451 4170 in
479 4109 732 4174 Ecclesiastico:
752 4115 839 4174 Vasa
893 4110 1068 4169 conservat
1088 4109 1345 4186 acorruptione.
1371 4110 1511 4186 Propter
1524 4105 1610 4185 quod
1629 4105 1689 4167 Jo-

32 4209 139 4282 ppuli
158 4207 284 4280 probat
308 4208 459 4280 farriam,
489 4208 523 4269 et
547 4211 702 4270 homines
718 4210 839 4284 ,justos
892 4206 974 4282 seph
988 4203 1029 4266 ab
1041 4205 1245 4267 arimathaea
1256 4205 1336 4268 emit
1348 4207 1526 4266 mixturam
1541 4200 1686 4279 myrrhae

32 4303 188 4364 tentatio
199 4303 431 4366 tribulationis
442 4303 544 4383 (Eccl.
557 4321 667 4378 xxvu,
683 4304 728 4384 6).
746 4305 839 4368 Sicut
893 4303 925 4364 et
938 4303 1040 4376 aloes,
1057 4303 1093 4365 ut
1106 4303 1256 4364 condiret
1271 4319 1391 4380 corpus
1405 4305 1496 4366 iesu.
1514 4303 1578 4362 Per
1589 4315 1685 4377 myr-

33 4401 134 4460 oalor
146 4397 647 4462 fornacisinduratvasa'flctilia
661 4418 734 4479 quae
745 4403 837 4478 prius
891 4400 987 4462 rham
1002 4417 1081 4476 ergo
1101 4399 1211 4462 carnis
1226 4401 1400 4478 integritas
1420 4401 1454 4462 et
1479 4399 1684 4476 incorruptio

32 4498 139 4557 erant
159 4495 283 4569 mollia,
301 4495 349 4582 ita
363 4498 501 4562 tentatio
514 4497 738 4560 tribulationis
751 4515 836 4560 con·
891 4497 1094 4574 designatur.
1111 4498 1171 4560 Vol
1185 4499 1295 4573 potius
1309 4497 1345 4559 in
1359 4498 1433 4560 istis
1447 4497 1553 4559 tribus
1567 4512 1687 4558 mune·

32 4592 155 4654 firmat
173 4595 280 4670 justos
303 4592 450 4655 inomni
473 4595 614 4658 veritate
640 4597 672 4658 et
693 4597 835 4674 justitia.
891 4595 982 4656 ribus
997 4595 1065 4657 tres
1078 4595 1113 4656 in
1128 4594 1258 4656 Christo
1269 4595 1527 4670 designaverunt
1537 4593 1684 4655 substan·

30 4694 128 4752 Deus
144 4705 223 4766 ergo
236 4691 345 4767 posuit
358 4691 554 4754 thesaurum
569 4693 604 4753 in
620 4692 709 4754 vasis
724 4694 837 4756 fictili-
890 4692 954 4754 iias
987 4713 994 4753 :
1034 4693 1207 4762 Deitatem,
1244 4691 1419 4765 videlicet,
1460 4692 1606 4752 animam
1652 4691 1685 4753 et

30 4789 113 4858 bus,
147 4787 223 4864 quia
249 4787 339 4850 dedit
365 4788 507 4864 gratiam
536 4790 770 4852 multiformem
800 4793 835 4854 in
890 4805 1034 4851 caruem.
1050 4793 1186 4850 Aramum
1201 4789 1289 4850 enim
1303 4789 1387 4867 quod
1403 4790 1599 4866 praeeminet
1612 4789 1684 4850 uui·

31 4883 197 4944 humanis
209 4885 413 4961 corporibus,
435 4887 521 4948 siout
539 4887 619 4948 dicit
634 4890 833 4965 Apostolus:
890 4887 995 4949 versis
1020 4886 1178 4958 metallis,
1207 4886 1374 4962 significat
1400 4887 1579 4961 Deitatem,
1610 4904 1683 4965 quae

28 4984 216 5044 Habemus
236 4975 389 5058 pratiam
412 4999 478 5058 per
510 4999 615 5058 paam
638 4990 835 5049 serviamus
889 4984 1082 5062 praeeminet
1107 4983 1274 5045 universis
1300 4985 1440 5046 naturis.
1468 4991 1567 5058 ihtes,
1596 4985 1682 5063 quod

29 5079 212 5154 placentas
247 5083 318 5140 Deo
345 5095 423 5142 cnm
452 5081 547 5142 rnatu
570 5097 610 5143 ac
635 5085 834 5146 reverantia
888 5084 938 5144 est
952 5083 1094 5159 spirans,
1111 5081 1277 5158 significat
1293 5082 1438 5144 animam
1453 5099 1526 5159 quae
1541 5083 1591 5142 est
1608 5083 1681 5159 spi-

30 5175 155 5255 (Hehr.
179 5191 240 5247 xu,
268 5175 333 5255 28).
363 5178 402 5239 Et
426 5179 652 5254 Augustinus:
671 5181 832 5243 «Praesto
887 5178 981 5240 ritus.
993 5182 1151 5254 Myrrha,
1166 5195 1240 5256 quae
1251 5195 1379 5240 vermes
1395 5179 1679 5256 arceiacorpori-

30 5288 171 5348 semper
201 5273 252 5336 est
288 5274 412 5349 gratia,
435 5291 464 5335 ae
502 5291 672 5352 nunquam
705 5277 833 5342 recedit
887 5275 948 5336 bus
968 5277 1184 5347 mortuorum,
1210 5275 1524 5352 significatcarnem
1544 5276 1677 5350 Christi,

29 5370 103 5432 nisi
115 5371 266 5446 expulsa,
286 5373 318 5432 et
330 5387 396 5432 non
411 5373 590 5435 revertitur
604 5373 669 5434 uisi
683 5390 742 5451 per
756 5391 831 5452 poe·
887 5389 959 5450 quae
973 5390 1046 5434 cum
1060 5375 1148 5434 esset
1158 5373 1317 5444 mortalis,
1333 5389 1399 5434 non
1410 5373 1514 5435 sensit
1528 5373 1679 5434 stimulos

30 5467 228 5530 nitentiam.
246 5468 328 5540 Quia
344 5486 450 5548 neque
465 5469 521 5548 qui
536 5471 634 5547 rigat,
654 5487 760 5549 neque
775 5473 831 5550 qui
886 5471 1059 5545 vitiorum:
1085 5470 1163 5548 quia
1185 5469 1263 5532 licet
1284 5469 1386 5532 fuerit
1412 5471 1556 5532 humana
1578 5483 1678 5530 carne

29 5565 226 5647 plautatest
236 5565 372 5646 aliquid,
384 5568 439 5629 sed
454 5568 509 5646 qui
523 5568 763 5631 incrementum
776 5570 832 5632 dat
885 5568 1034 5640 uestitus,
1051 5584 1116 5629 non
1136 5567 1152 5630 f
1164 5569 1198 5631 ‚it
1211 5569 1322 5631 tamen
1336 5567 1482 5630 humana
1497 5566 1677 5644 fragilitate
