3954 6358
51 327 104 388 ooo
586 322 631 384 IN
653 321 905 386 NATIVITATE
926 325 1076 386 DOMINI
1099 327 1124 388 Ι.
1618 337 1677 397 670

59 477 109 546 ’0
137 483 218 544 mira
236 481 368 544 Domini
393 483 519 562 pietas,
547 483 633 546 mira
661 483 830 562 dignao'o!
885 482 987 562 Virgo
998 483 1181 562 permansit
1198 484 1230 549 at
1246 486 1584 570 genuitrsuxtaquou
1593 492 1675 558 dicit

52 588 174 660 Pauper
187 579 322 642 effectus
338 580 387 642 est
400 584 494 658 cujus
514 581 566 642 ert
587 583 686 670 terro
709 582 743 642 et
754 586 831 656 ple·
884 581 1081 657 Apostolus:
1104 587 1256 659 Proprie
1267 589 1355 648 Filio
1368 602 1432 648 cuo
1445 603 1514 650 oon
1523 595 1679 665 pepercit

52 682 160 742 rritudo
187 681 271 752 ejece,
296 683 388 740 orbis
413 680 592 740 terrarum
617 680 651 740 et
676 682 832 741 ccraioerst
884 680 987 751 Deua,
1002 681 1063 742 ced
1072 694 1140 755 pro
1153 684 1248 743 nobis
1261 686 1416 746 omnious
1430 686 1574 748 tradidit
1583 691 1678 751 ioum

51 782 102 852 put
123 777 275 840 habitent
297 779 334 838 iu
350 792 392 838 ea
415 774 551 856 (Ps.23,
570 774 613 857 1).
630 776 831 838 Humiliatus
886 771 994 854 (Rom.
1015 792 1089 849 vnr,
1116 775 1180 858 32).
1207 780 1245 841 lit
1264 781 1361 842 alibi:
1386 784 1484 844 Misit
1511 787 1678 848 Dominus

51 877 95 936 est
107 875 161 952 qui
173 874 244 934 erat
261 873 425 944 excelsus
440 877 522 948 ααῑα
534 889 682 951 ααααααε
697 875 749 936 ert
762 878 833 936 Do-
884 877 1011 950 Filium
1029 890 1132 936 suum
1146 879 1183 936 in
1206 877 1313 940 terris
1329 880 1450 942 notum
1465 884 1506 942 de
1520 887 1676 958 muliere,

50 976 157 1033 ααααε
175 973 207 1033 et
219 987 347 1048 moena
362 974 476 1034 virtus
490 976 575 1046 ejus,
598 972 633 1036 et
651 974 833 1048 sapientire
884 972 1014 1046 [octana
1031 975 1092 1034 sub
1109 978 1192 1048 lece,
1209 977 1247 1036 ut
1261 990 1319 1038 eos
1332 980 1391 1050 qui
1404 981 1465 1039 arro
1484 984 1556 1056 leffe
1575 983 1678 1044 eraut

51 1074 117 1142 eiras
137 1084 204 1130 ααα
227 1071 278 1132 eat
290 1084 457 1132 attemerare
474 1068 543 1149 (Ps.
559 1072 627 1138 146,
643 1069 688 1149 5).
703 1070 728 1130 o
747 1069 833 1131 ines·
884 1070 1083 1142 redimeret,
1098 1071 1137 1130 ut
1151 1072 1367 1146 adoptionem
1384 1076 1536 1148 liliorum
1547 1082 1679 1154 recipe-

50 1166 198 1228 timabilis
219 1167 279 1228 Dei
298 1166 463 1230 charitasl
485 1168 541 1244 qui
565 1167 643 1230 iecit
664 1166 831 1228 hominem
884 1179 1003 1226 remur
1018 1163 1140 1244 (Galat.
1155 1183 1199 1240 rr,
1215 1171 1245 1241 4,
1259 1167 1317 1249 5.).

50 1265 114 1324 sine
134 1263 277 1335 homine,
294 1263 401 1326 iactus
416 1264 577 1326 esthemo
595 1280 655 1342 pro
676 1264 829 1326 homine:
922 1261 970 1324 Ad
987 1263 1267 1341 emundationem,
1286 1266 1363 1344 quia
1383 1269 1563 1348 peripsum
1579 1289 1678 1336 mun-

49 1361 125 1422 Hinc
137 1360 236 1422 etiam
252 1361 292 1422 de
310 1361 436 1439 Spiritu
452 1363 572 1424 Sancto
587 1362 684 1424 natus
702 1361 830 1424 asseri·
852 1379 853 1384 ¹
884 1357 1002 1420 damur
1015 1376 1035 1421 a
1045 1363 1201 1437 peccatis.
1218 1363 1310 1427 Unde
1327 1367 1473 1428 loannes
1485 1367 1520 1428 in
1530 1370 1677 1446 Epistola

49 1459 112 1531 tur,
129 1473 194 1520 non
208 1459 293 1536 quod
307 1459 380 1536 ipso
401 1460 616 1536 paternaliter
637 1461 828 1536 generante,
884 1458 1046 1520 canonica
1064 1480 1071 1518 :
1088 1462 1238 1537 scapeia
1256 1465 1339 1524 lesu
1359 1468 1440 1528 Filii
1454 1469 1518 1528 Dei
1533 1471 1678 1531 mundet

49 1555 99 1616 sed
112 1556 197 1634 quod
219 1557 292 1633 ipso
314 1557 533 1635 spiritualiter
553 1558 712 1634 operante
733 1557 830 1620 natus
884 1569 946 1616 cos
968 1559 1010 1617 ab
1034 1561 1129 1620 omni
1145 1561 1288 1632 peccato
1306 1558 1335 1640 (1
1361 1563 1456 1624 Joau.
1481 1579 1509 1636 1,
1527 1563 1572 1646 7).
1601 1565 1677 1629 Ideo

49 1653 244 1717 sitChristus
261 1653 302 1716 de
316 1655 465 1732 Virgine.
477 1655 570 1718 Licet
584 1654 672 1718 enim
687 1655 831 1716 indivisa
885 1655 956 1729 ejus
968 1653 1074 1714 Filius
1088 1655 1183 1718 datus
1198 1656 1364 1731 estnobis,
1379 1659 1461 1721 utin
1473 1677 1573 1723 carne
1585 1679 1679 1726 mun-

48 1751 107 1812 sint
131 1767 234 1829 opera
258 1751 453 1826 Trinitatis,
477 1769 559 1831 opus
585 1753 696 1815 tamen
724 1752 831 1814 dilec-
884 1748 1021 1812 dissima
1032 1769 1105 1829 quae
1120 1769 1256 1830 prorsus
1267 1756 1355 1818 esset
1367 1756 1553 1821 immunisa
1568 1761 1698 1838 culpa,

49 1849 141 1910 tionis
166 1849 307 1927 Spiritui
336 1851 457 1912 Sancto
489 1850 710 1929 spiritualiter
735 1837 852 1913 altri-⁴
885 1848 1078 1910 sustinendo
1099 1865 1232 1926 poenam
1255 1852 1452 1928 indebitam,
1466 1856 1609 1932 pretium
1623 1873 1680 1921 re-

48 1945 169 2019 buitur,
198 1948 277 2025 quia
310 1949 360 2010 est
383 1948 516 2012 dilectio
549 1949 660 2012 Patris
686 1949 720 2010 et
740 1948 829 2021 Filii,
884 1943 1083 2022 demptionis
1097 1947 1253 2010 humanae
1267 1952 1335 2012 Deo
1350 1951 1443 2014 Patri
1461 1954 1676 2030 persolveret.

48 2059 133 2105 amor
143 2043 175 2106 et
187 2045 353 2107 connexio
369 2045 560 2124 utriusque;
581 2046 659 2122 quia
680 2047 768 2107 Deus
789 2061 831 2108 ex
883 2043 1012 2104 Factus
1033 2047 1190 2108 obediens
1213 2051 1383 2120 usquead
1398 2051 1559 2124 mortem,
1582 2068 1681 2116 naor-

47 2139 605 2204 ineiiabilicharitateFiliumsuum
616 2141 832 2219 Unigenitum
885 2139 1086 2203 remearem
1099 2145 1220 2205 θνααίθ
1239 2141 1376 2223 (Philip.
1391 2161 1428 2218 11,
1444 2145 1490 2229 8).
1506 2149 1680 2229 Redempti
1809 2221 1812 2229 ,

47 2237 237 2312 incarnavit,
252 2254 368 2302 rerum
383 2239 484 2302 etiam
503 2240 582 2317 quia
598 2239 701 2316 Virgo
720 2255 764 2302 ox
777 2239 833 2301 ni·
883 2236 974 2298 enim
989 2253 1114 2311 sumus,
1131 2237 1168 2300 ut
1179 2239 1228 2302 ait
1243 2240 1361 2304 beatus
1383 2243 1513 2320 Petnrs,
1533 2262 1601 2308 non
1621 2263 1680 2309 ar-

47 2333 106 2396 mio
118 2335 292 2399 charitatis
305 2337 424 2400 ardore
438 2336 570 2399 Domini
588 2335 734 2399 Verbum
751 2352 833 2400 cou-
884 2333 982 2410 ganto
996 2335 1050 2396 rel
1069 2351 1164 2410 auro,
1180 2336 1238 2399 sed
1250 2338 1396 2415 pretioso
1419 2341 1580 2418 sanguine
1591 2345 1678 2422 agni

48 2431 135 2509 cepit,
158 2449 236 2495 cum
257 2434 324 2497 ait:
351 2439 434 2498 licre
450 2439 574 2498 occido
592 2436 743 2508 Domini,
767 2434 832 2508 fiat
884 2429 1088 2494 immaculati
1114 2433 1148 2496 et
1169 2434 1421 2499 incontaminati
1443 2442 1527 2502 Jeru
1551 2443 1687 2505 ebriati

47 2532 123 2592 miti
141 2535 330 2594 secundum
346 2535 490 2594 verbum
511 2533 609 2593 tuum
621 2529 715 2610 (Luc.
727 2546 750 2604 1,
764 2529 830 2611 38).
886 2525 915 2608 (Ι
928 2529 1017 2592 Patr.
1033 2544 1057 2602 1,
1073 2529 1194 2612 1.8·19)·
1218 2534 1292 2606 orci,
1307 2534 1406 2610 juxta
1429 2537 1602 2611 ioannem,
1618 2543 1677 2600 di-

82 2627 235 2704 sequitur
247 2648 255 2689 ε
266 2630 312 2691 Et
324 2630 415 2703 filius
429 2630 530 2690 dctus
542 2630 595 2690 eet
608 2631 714 2691 nobis.
729 2628 832 2690 Datus
883 2628 970 2688 lecit
985 2641 1048 2688 nos
1062 2627 1096 2689 et
1109 2629 1193 2690 urolt
1207 2643 1270 2691 nor
1291 2645 1314 2692 α
1327 2633 1478 2706 peccetis
1491 2636 1622 2698 nostris
1640 2639 1678 2700 tn

46 2724 91 2786 est
103 2724 196 2787 nobis
217 2726 259 2786 ad
271 2725 502 2788 liberationem
517 2726 549 2788 et
561 2725 603 2787 ad
618 2725 831 2788 emundatio·
884 2727 1053 2800 θααααίαα
1067 2738 1129 2786 suo
1142 2721 1257 2804 (apoc.
1270 2741 1293 2799 1,
1307 2724 1353 2808 5).

47 2836 124 2894 nem,
152 2823 195 2886 ad
216 2823 510 2886 sanctificationem
534 2823 568 2886 et
590 2823 631 2886 ad
659 2822 831 2900 glorifica·
923 2819 972 2881 Ad
983 2821 1291 2897 sanctificationem,
1306 2825 1383 2901 quia
1396 2827 1572 2905 peripsum
1585 2845 1679 2892 sanc·

49 2919 173 2982 tionem.
187 2920 239 2982 Ad
253 2920 500 2994 liberationem,
517 2921 595 2999 quia
608 2936 683 2982 cum
696 2919 832 2998 peccato
884 2916 1050 2978 tiflcamur
1074 2918 1110 2980 in
1145 2919 1334 2982 uirtutibus.
1365 2923 1459 2985 Unde
1483 2927 1676 3002 apostolus:

49 3017 138 3092 primi
161 3018 309 3080 hominis
324 3018 515 3080 teneremur
528 3018 661 3096 captivi,
684 3034 746 3096 per
760 3020 831 3096 eJ'us
884 3015 996 3091 erepat
1010 3029 1072 3077 cos
1089 3017 1171 3078 erate
1186 3021 1306 3080 muudi
1328 3021 1616 3097 constitutionem,
1639 3027 1679 3088 ut

48 3115 230 3190 passionem
251 3117 284 3180 et
304 3118 441 3179 Crucem
456 3116 588 3180 liberati
603 3133 717 3180 sumus
731 3132 752 3178 a
766 3131 830 3194 po·
885 3125 1037 3172 essemus
1051 3111 1163 3174 sancti
1177 3113 1211 3175 et
1225 3115 1438 3178 immeruit
1447 3119 1483 3179 in
1497 3121 1679 3196 compertu

47 3211 154 3275 testate
176 3213 314 3287 diaboli,
335 3215 369 3277 et
386 3213 593 3276 reconciliati
617 3230 731 3276 sumus
750 3217 829 3276 Deo.
885 3209 959 3280 ejus
974 3210 1011 3268 in
1025 3209 1301 3290 cncmrctefflpn.
1324 3226 1348 3284 1,
1363 3209 1408 3291 4).

48 3309 129 3371 inter
143 3315 250 3374 Deum
271 3311 394 3374 etenim
406 3311 439 3374 et
452 3311 621 3372 hominem
632 3309 745 3387 gravis
761 3311 833 3372 erat
923 3303 972 3366 Ad
991 3305 1278 3380 glorificationem,
1300 3309 1378 3385 qnia
1397 3310 1438 3372 ab
1457 3310 1532 3388 ipso
1548 3313 1582 3376 et
1603 3311 1678 3377 cum

48 3405 216 3481 discordia,
233 3409 389 3486 quoniam
411 3408 509 3470 homo
524 3407 690 3486 peccando
710 3408 834 3469 semet·
885 3401 956 3478 ipso
976 3401 1237 3477 glorificabimur
1248 3404 1283 3464 in
1302 3406 1397 3468 coelo.
1414 3409 1452 3468 In
1465 3407 1576 3470 futuro
1590 3411 1679 3472 enim

48 3503 145 3579 ipsum
173 3504 389 3568 subtraxerat
406 3509 474 3567 Deo
489 3504 523 3567 et
547 3505 735 3582 subjecerat
759 3505 833 3566 dia·
884 3497 948 3559 erit
957 3498 1063 3574 gloria
1078 3499 1202 3573 nostra,
1216 3500 1293 3578 quia
1307 3501 1343 3561 in
1357 3503 1417 3565 illa
1428 3504 1536 3580 gloria
1552 3507 1677 3570 aeterna

45 3599 123 3664 bolo.
137 3605 211 3665 Pax
223 3603 325 3680 igitur
338 3604 425 3665 iuter
438 3619 494 3664 eos
501 3601 747 3664 rationabiliter
758 3600 831 3662 tieri
885 3609 1024 3671 corpora
1042 3596 1157 3659 nostra
1175 3597 1273 3659 erunt
1287 3597 1458 3676 splendida
1478 3603 1511 3663 et
1529 3597 1676 3678 gloriosa

46 3715 103 3759 non
111 3701 252 3777 poterat,
269 3701 346 3778 quia
356 3716 416 3777 pro
431 3700 550 3764 damno
563 3700 649 3777 quod
661 3699 829 3772 intulerat,
885 3693 918 3753 et
939 3691 1062 3754 similia
1095 3694 1227 3771 corpori
1253 3695 1374 3758 Christi
1404 3696 1441 3758 in
1468 3699 1620 3762 claritate
1645 3703 1679 3765 ot

47 3795 115 3870 quid
142 3797 281 3873 dignum
310 3798 377 3858 Deo
403 3795 557 3858 redderet
584 3812 650 3858 non
677 3794 829 3859 habebat.
884 3789 1097 3852 beatitudine.
1118 3791 1210 3853 Sicut
1233 3792 1314 3854 dicit
1330 3795 1528 3872 Apostolus:
1551 3801 1677 3862 Solva·-

46 3893 121 3954 b'am
154 3894 331 3955 innoxium
361 3892 395 3956 et
412 3893 538 3970 iustum
568 3893 768 3966 sustulerat,
799 3893 832 3954 et
884 3889 1421 3962 roremeapecramusnoounum
1431 3897 1551 3957 desum
1561 3899 1679 3959 Claris-

45 3991 204 4052 neminem
231 3990 297 4052 nisi
324 3991 530 4067 peccatorem
554 3989 754 4052 inveniebat.
772 3991 832 4050 Vi·
884 3985 969 4056 tum,
985 3988 1043 4058 ααα·
1056 3987 1260 4059 refomneott
1277 4003 1403 4063 corpus
1423 3992 1583 4054 nostrum
1596 4008 1678 4056 con-

46 4086 117 4148 dens
138 4089 252 4166 itaque
273 4089 362 4149 Deus
383 4087 550 4147 bominem
569 4103 635 4147 non
650 4101 749 4162 possa
770 4101 830 4146 sua
882 4081 1074 4155 rouretum
1111 4086 1249 4156 corpora·
1283 4086 1453 4147 cantaras
1483 4103 1558 4150 suec
1582 4087 1679 4168 (Phi-

46 4183 158 4246 rirtuie
179 4187 299 4262 jugum
324 4183 546 4244 damnationis
566 4183 718 4254 evadere,
742 4181 831 4244 dedit
883 4177 1004 4254 lip.111,
1020 4176 1086 4256 20).

46 4280 72 4339 ei
85 4283 186 4357 gratis
202 4282 288 4360 quod
304 4281 375 4358 ipse
391 4296 451 4357 pro
469 4279 576 4341 debito
591 4279 744 4342 redderet
760 4282 829 4342 Do·
923 4275 1000 4334 Tria
1014 4274 1049 4334 in
1065 4289 1100 4336 se
1115 4274 1261 4337 continet
1272 4278 1417 4339 maxime
1435 4280 1678 4348 consideranda

46 4379 138 4441 mino.
153 4380 316 4452 Quocirca
331 4376 475 4440 Verbum
491 4393 569 4439 caro
582 4375 704 4440 iactum
717 4378 777 4450 est,
794 4378 832 4438 ut
883 4371 1075 4448 mysterium
1096 4372 1340 4434 incarnationis
1364 4375 1498 4437 Christi.
1523 4380 1676 4442 Formam

46 4475 172 4539 daretur
192 4475 382 4538 hominibus
395 4479 481 4536 Deus
496 4475 606 4547 homo,
623 4476 656 4535 et
670 4477 736 4535 Deo
751 4474 831 4535 red·
883 4468 1092 4530 humilitatis
1117 4467 1373 4532 Probamentum
1395 4471 1595 4537 dilectionis.
1616 4479 1679 4540 Sa-

46 4571 204 4636 deretura
225 4571 330 4634 nobis.
347 4573 453 4633 Filius
469 4587 547 4648 ergo
562 4571 657 4633 datus
672 4571 722 4633 est
736 4570 830 4632 nobis
884 4566 1087 4628 aramentum
1110 4565 1356 4643 redemptionis.
1383 4570 1535 4632 Formam
1561 4573 1676 4636 bumi-

46 4671 82 4730 ad
106 4671 348 4734 liberationem.
381 4672 406 4731 o
436 4685 565 4746 magnae
602 4667 830 4730 admirationis
883 4661 986 4736 litatis
1016 4662 1178 4724 monstrat
1202 4663 1332 4738 vagitus
1363 4667 1474 4742 pueri,
1501 4668 1593 4731 locus
1626 4671 1678 4734 di-

45 4769 166 4842 graia!
186 4771 211 4832 O
227 4767 461 4830 inenarrabilis
477 4766 646 4828 suavitasl
668 4766 830 4828 Oinetia-
883 4759 1036 4832 versorii,
1052 4759 1225 4821 reclinatio
1240 4761 1276 4822 in
1296 4762 1469 4840 praesepio,
1492 4782 1678 4842 pannorum

45 4863 104 4926 bile
117 4883 338 4944 magnumque
352 4865 612 4927 sacramentum!
630 4866 705 4941 Ipsa
715 4864 830 4925 eadem
884 4858 1055 4920 involutio.
1097 4855 1352 4920 Probamentum
1389 4859 1576 4925 dilectionis
1615 4866 1678 4930 luit

46 4963 151 5040 l'irg0,
168 4965 241 5042 ipsa
257 4964 289 5026 et
303 4963 409 5025 Mater
421 4961 562 5034 Domini,
579 4961 653 5038 ipsa
669 4961 829 5034 oeuitrix,
884 4955 976 5017 locus
999 4954 1146 5032 ejusdem
1170 4955 1378 5030 salvationis,
1406 4959 1484 5036 quia
1508 4965 1679 5036 maiorem

46 5059 112 5135 ipsa
133 5065 207 5140 ejus
230 5061 363 5133 ancilla,
382 5059 557 5136 psalmatio
577 5061 649 5136 ejus
674 5055 733 5138 (i),
758 5059 830 5135 ipsa
885 5053 1097 5114 dilectionem
1129 5067 1230 5114 eremo
1263 5055 1361 5116 babel
1395 5071 1500 5129 ααααα
1528 5061 1568 5120 ut
1596 5064 1678 5122 ani-

33 5174 112 5233 ‘quaa
121 5159 253 5234 genuit!
270 5158 349 5231 Quis
362 5173 506 5235 unquam
516 5157 580 5218 ista
591 5156 831 5230 audivitiQuis
884 5165 979 5212 ααααα
1007 5165 1108 5211 suom
1130 5151 1239 5224 ponet
1264 5155 1341 5226 ocris
1363 5168 1432 5226 pro
1459 5157 1581 5218 amois
1605 5162 1680 5221 sacis

46 5255 123 5318 vidit
143 5256 244 5318 taliai
266 5256 346 5329 Quis
364 5255 428 5317 hoc
445 5254 635 5330 excogitare
659 5252 774 5330 potuit,
796 5252 833 5315 ut
886 5244 995 5325 (loan-
1011 5262 1067 5315 xv,
1084 5245 1146 5323 13)·
1165 5248 1415 5308 Sacramentum
1429 5249 1677 5330 redemptonis,

46 5353 146 5416 Mater
156 5355 258 5430 Virgo
271 5355 368 5426 esset,
378 5353 502 5416 intacta
517 5351 702 5428 generaret,
717 5351 832 5430 quaeet
885 5345 1049 5422 triplicem
1070 5343 1213 5405 ostendit
1238 5345 1418 5419 potentiam
1439 5346 1589 5423 deitatis,
1612 5353 1680 5413 sci-

885 5442 977 5514 licet,
1001 5457 1073 5518 quae
1098 5441 1139 5502 de
1164 5439 1270 5501 nihilo
1292 5441 1417 5519 aliquid
1438 5443 1527 5519 iecit,
1550 5447 1678 5516 inuete-

885 5543 994 5603 ratum
1027 5537 1215 5606 innovarit,
1245 5539 1428 5616 temporale
1459 5543 1676 5619 perpetuavit.

80 5571 119 5646 (ll
144 5574 282 5633 mendosa
303 5581 349 5632 eet
369 5573 423 5633 ista
448 5571 550 5645 lectio;
580 5569 651 5630 iona
674 5571 830 5646 legendum
956 5636 962 5649 ‚
1094 5634 1137 5646 ,,
1213 5634 1218 5645 ,
1340 5637 1383 5648 ..
1625 5641 1676 5656 ..

46 5653 136 5702 esset:
153 5645 421 5717 iproplcamoejur.
887 5638 924 5700 Et
954 5636 1028 5697 ideo
1059 5634 1278 5696 mrnrstemum
1304 5637 1530 5700 ministrorum
1557 5640 1679 5706 (ihmstr
