3962 6294
224 371 283 430 423
839 361 1015 424 HONORII
1038 361 1082 422 ili
1105 358 1253 422 OPERA.
1817 363 1880 422 424

224 536 344 604 Deum,
368 529 472 591 illium
497 528 556 590 Dei
578 526 613 592 in
635 523 763 587 duabus
786 524 934 598 naturis,
962 520 1019 586 sed
1074 524 1161 585 Deus
1172 521 1419 596 inenarrabilis,
1432 522 1879 596 auctormundi,eleoeiera,

223 633 260 694 in
283 629 383 692 unius
411 642 561 706 personae
586 623 836 701 singularitate,
860 620 1019 701 impassi-
1075 623 1160 684 sicut
1174 622 1210 684 in
1223 622 1377 684 unctione
1394 621 1505 698 Regis.

142 713 149 724 ’
224 729 324 792 bilem
339 727 372 789 et
387 724 607 786 immortalem
623 722 806 793 divinitate,
826 720 883 782 sed
900 721 935 782 in
953 721 1020 782 hu·
1115 721 1223 782 Finita
1241 721 1401 794 oratione,
1418 719 1510 782 radit
1533 720 1663 782 Electus
1676 719 1718 782 ad
1733 719 1881 782 chorum

224 825 384 890 munitate
396 839 456 902 pro
467 822 562 884 nobis
575 822 608 884 et
621 837 680 899 pro
696 820 809 882 nostra
822 819 929 881 salute
944 835 1023 898 pas·
1075 819 1181 882 sancti
1202 819 1353 895 Gregorii
1372 835 1447 880 cum
1466 818 1624 898 praedicto
1644 819 1881 880 cardinalium

227 941 300 986 sum
314 939 394 984 vcra
416 921 527 984 carnis
548 920 715 998 passione,
741 919 774 982 et
798 917 973 995 sepultum,
990 917 1024 979 et
1075 916 1362 995 archipresbytero
1393 918 1426 980 et
1457 917 1715 990 archidiacono,
1753 915 1882 994 quibus

225 1020 454 1098 resurgentem
485 1035 506 1080 a
532 1018 673 1080 mortuis
702 1018 756 1080 die
789 1017 908 1090 tertia,
942 1030 1022 1079 vera
1076 1015 1172 1092 quasi
1184 1015 1352 1092 magistris
1365 1015 1414 1078 uti
1429 1015 1570 1076 debetin
1583 1017 1651 1078 toto
1665 1015 1776 1077 oidcio
1791 1030 1883 1076 unc-
1910 1069 1916 1084 ,

226 1120 337 1183 carnis
376 1117 637 1192 resurrectione,
674 1115 729 1178 die
769 1113 1022 1194 quadragesimo
1075 1114 1191 1189 tionis3
1217 1115 1250 1176 et
1270 1114 1412 1176 induunt
1435 1130 1510 1174 eum
1534 1113 1658 1176 amictu
1683 1113 1716 1175 et
1740 1113 1819 1174 alba
1847 1114 1884 1174 et

226 1220 299 1297 post
313 1217 603 1288 resurrectionem,
621 1230 696 1276 oum
711 1229 811 1276 carne
828 1229 892 1291 qua
909 1228 1024 1274 resur-
1076 1213 1220 1288 cingulo,
1242 1213 1275 1274 et
1293 1212 1342 1274 sic
1361 1210 1527 1274 deducunt
1545 1227 1620 1274 eum
1641 1211 1684 1273 ad
1703 1210 1882 1272 dominum

225 1316 364 1381 renitet
382 1315 505 1386 anima,
529 1311 719 1374 ascendisse
738 1311 902 1372 incoelum
918 1310 951 1372 et
966 1324 1023 1370 se·
1077 1313 1200 1388 Papam
1228 1311 1264 1372 in
1291 1309 1526 1382 secretarium,
1550 1309 1663 1387 ibique
1693 1309 1774 1371 lacit
1800 1325 1883 1372 eum

226 1417 304 1478 dere
320 1413 361 1476 ad
376 1413 546 1474 dexteram
559 1411 619 1472 Dei
633 1409 753 1481 Patris
766 1408 853 1470 unde
864 1409 1023 1516 vpnturus
1077 1408 1233 1470 clericum
1248 1404 1302 1483 (1),
1320 1409 1352 1469 et
1366 1409 1517 1471 concedit
1533 1407 1564 1470 ei
1578 1408 1738 1479 tunicam,
1755 1407 1885 1470 111111-

222 1515 277 1580 est
300 1511 453 1590 judicare
476 1509 570 1570 vivos
589 1509 622 1569 et
645 1509 808 1578 mortuos,
834 1507 867 1568 et
886 1505 1024 1567 reddere
1078 1506 1227 1578 matiam,
1249 1508 1282 1568 et
1297 1506 1487 1583 pluvialem,
1512 1507 1544 1568 et
1560 1505 1709 1578 mitram,
1734 1505 1882 1581 caligas,

227 1611 407 1686 unicuique
430 1606 611 1670 secundum
632 1622 732 1684 opera
754 1621 827 1678 sua,
847 1604 919 1667 sive
937 1602 1024 1665 bona
1077 1604 1110 1667 et
1133 1605 1300 1676 sandalia,
1324 1604 1443 1682 quibus
1465 1605 1579 1666 utatur
1603 1603 1639 1665 in
1661 1603 1884 1666 coronatione

226 1707 351 1770 fuerint
372 1707 443 1766 sive
466 1706 577 1766 malai
1078 1719 1150 1776 sua,
1174 1702 1207 1764 et
1226 1703 1274 1764 sic
1291 1701 1425 1764 indutus
1446 1702 1512 1764 stat
1532 1701 1610 1764 ante
1629 1701 1798 1764 dominum
1819 1703 1885 1762 Pa·

266 1809 305 1868 R.
328 1804 493 1875 essentie,
510 1803 544 1864 et
556 1817 617 1880 per
631 1801 743 1863 omnia
759 1800 869 1864 credo.
1078 1817 1164 1881 pam.
1176 1803 1299 1864 Verum
1311 1801 1473 1878 completo
1483 1799 1655 1872 scrutinio,
1667 1800 1738 1862 exit
1749 1799 1885 1862 Ostien-

266 1904 328 1965 Int.
352 1901 466 1964 Credis
485 1901 585 1962 etiam
606 1899 766 1977 Spiritum
785 1897 936 1962 sanctum
954 1897 1026 1976 ple-
1078 1901 1125 1962 sis
1153 1900 1327 1978 episcopus
1355 1898 1398 1960 ad
1424 1899 1553 1978 portam
1579 1897 1790 1974 argenteam,
1822 1897 1885 1958 ubi

227 2018 307 2064 num
322 1997 550 2077 etperiectum
564 1994 1025 2074 verumquebeumexPatre
1079 1998 1206 2075 Regina
1234 2013 1308 2060 cum
1335 1995 1506 2076 jndicibus
1537 1996 1570 2058 et
1598 1995 1779 2058 baronibus
1807 1995 1883 2058 suis

227 2101 260 2162 et
281 2098 366 2160 Filio
388 2094 632 2174 procedentem,
649 2093 851 2172 coaequalem
870 2093 903 2156 et
921 2107 1027 2155 coaes-
1079 2096 1300 2175 praestolatur,
1329 2096 1362 2157 et
1393 2093 1548 2158 decantat
1568 2110 1669 2172 super
1695 2109 1768 2156 eam
1789 2093 1883 2154 banc

228 2195 402 2274 septialem
416 2194 450 2256 et
463 2193 763 2269 coomnipotentem
778 2191 811 2253 st
824 2191 1025 2254 coaeternum
1079 2194 1263 2256 orationem
1281 2210 1288 2250 ι

227 2291 410 2372 peremnia
425 2291 518 2353 Patri
535 2291 568 2352 et
582 2289 686 2351 Filioi
1119 2311 1137 2352 r<
1153 2293 1366 2370 Omnipotens
1382 2293 1515 2355 aeternae
1531 2293 1620 2353 neus
1633 2290 1707 2354 lons
1728 2291 1761 2356 et
1783 2292 1883 2367 origo

268 2394 307 2455 R.
330 2389 446 2452 Credo.
1078 2390 1251 2464 bonitatis,
1279 2391 1336 2468 qui
1364 2390 1499 2452 feminei
1530 2405 1632 2451 sexus
1662 2389 1883 2466 tragilitatem

253 2490 330 2552 -Int.
353 2485 467 2550 Credis
480 2487 567 2548 hanc
577 2485 727 2548 sanctam
738 2485 944 2558 Trinitatem,
959 2498 1025 2546 non
1079 2502 1287 2566 nequaquam
1299 2485 1508 2563 reprobando
1519 2486 1654 2556 avertis,
1670 2486 1728 2547 sed
1741 2485 1884 2563 dignan-

227 2589 295 2650 tres
310 2589 407 2658 Deos,
428 2583 485 2647 sed
506 2600 608 2645 unum
629 2585 733 2646 Deum
756 2583 1024 2660 omnipotentem,
1079 2588 1130 2648 ter
1151 2583 1394 2662 comprobando
1419 2583 1534 2661 potius'
1551 2583 1666 2660 eligis3
1692 2585 1726 2646 et
1750 2583 1810 2661 qui
1832 2583 1884 2648 in·

228 2687 398 2756 aeternum,
415 2681 629 2754 invisibilem,
653 2682 686 2742 et
699 2679 1027 2743 incommutabileml
1080 2684 1175 2745 firma
1195 2682 1309 2746 mundi
1329 2681 1492 2758 eligendo,
1515 2695 1654 2760 quaeque
1673 2681 1773 2744 fortia
1797 2697 1885 2743 con-

268 2786 308 2846 11.
332 2780 448 2844 credo.
1042 2826 1043 2829 ,
1080 2781 1218 2844 tundere
1239 2780 1430 2856 decrevisti,
1459 2780 1582 2858 quique
1606 2779 1740 2842 aeternae
1761 2779 1883 2856 gloriae

145 2959 159 2973 .
268 2881 330 2942 Int.
354 2879 468 2942 Credis
491 2879 639 2940 sanctam
660 2873 867 2939 catholicam
877 2877 909 2938 et
928 2891 1028 2954 apos-
1079 2880 1278 2957 virtutisque
1291 2879 1358 2941 tnae
1377 2878 1584 2955 triumphum
1599 2878 1634 2939 in
1649 2892 1749 2938 manu
1762 2876 1883 2940 iudith

227 2979 362 3042 tolicam
378 2992 477 3038 11111111
492 2991 565 3038 esse
576 2991 690 3037 veiam
701 2973 895 3046 Ecclesiam,
911 2971 947 3034 in
962 2987 1026 3051 qua
1080 2978 1223 3052 seminas,
1243 2976 1392 3040 iudaicae
1411 2976 1499 3053 plebi
1521 2977 1561 3037 de
1581 2976 1676 3038 hoste
1693 2975 1882 3038 saevissimo

229 3091 331 3138 unum
351 3074 448 3135 datur
468 3072 633 3149 baptisma
653 3073 685 3134 et
703 3087 783 3134 vera
805 3070 952 3132 omnium
971 3086 1028 3132 re·
1080 3076 1252 3154 resignare
1277 3075 1428 3148 voluisti,
1460 3073 1598 3151 respice
1618 3089 1811 3152 quaesumus
1839 3072 1883 3135 ad

230 3173 344 3235 missio
361 3169 591 3248 peccatorum?
1081 3191 1195 3255 preces
1220 3171 1418 3235 humilitatis
1442 3172 1580 3244 nostrae,
1610 3173 1643 3234 et
1666 3185 1767 3249 super
1792 3171 1883 3233 hanc

270 3273 309 3333 R.
331 3269 446 3332 Credo.
1081 3275 1240 3336 famulam
1251 3274 1343 3335 tuam
1359 3272 1411 3334 ·Ν·
1428 3286 1527 3348 quam
1544 3269 1687 3347 supplici
1704 3270 1907 3336 1111011011,

268 3369 331 3430 int.
355 3364 624 3428 anathematizas
646 3365 746 3426 etiam
766 3361 1026 3442 1111111111-
1081 3373 1116 3434 in
1138 3371 1300 3448 Reginam
1321 3369 1491 3445 eligimus,
1512 3366 1780 3430 benedictionum
1798 3368 1883 3430 tua-

230 3469 293 3530 sim
306 3465 517 3528 extollentem
533 3479 569 3524 se
580 3464 740 3526 adversus
751 3463 899 3524 sanctam
914 3463 1029 3524 llccle-
1080 3486 1155 3535 rum
1179 3468 1266 3531 dona
1286 3466 1470 3546 multiplica
1492 3481 1631 3544 eamque
1655 3465 1792 3527 dextera
1811 3466 1883 3526 tuae

230 3566 314 3627 siam
333 3562 549 3625 catholicam?
1081 3567 1237 3647 potentias
1261 3581 1392 3642 semper
1419 3566 1453 3628 et
1479 3563 1600 3641 ubique
1629 3561 1813 3636 circumda,
1846 3563 1885 3626 ut

269 3665 310 3724 R.
333 3659 594 3722 anathematizo·
633 3689 636 3696 ·
660 3727 662 3732 ,
1081 3664 1182 3727 verbo
1196 3661 1390 3724 muniminis
1409 3661 1458 3724 tui
1475 3659 1620 3737 undique
1642 3657 1782 3722 firmiter
1801 3674 1886 3736 pro-

268 3760 331 3821 int.
355 3757 469 3818 Credis
490 3756 591 3817 etiam
612 3770 726 3815 veram
748 3755 1028 3818 resurrectionem
1081 3763 1179 3835 tecta,
1201 3759 1345 3822 visibilis
1364 3774 1423 3820 sou
1442 3757 1621 3820 invisibilis
1641 3757 1747 3820 hostis
1761 3757 1885 3834 nequi-

230 3855 377 3936 ejusdem
395 3853 507 3916 carnis
523 3868 622 3930 quam
636 3853 861 3927 111111116θὶ18,
877 3853 910 3916 et
926 3853 1028 3916 vitam
1081 3861 1146 3924 tias
1182 3857 1428 3934 triumphanter
1461 3870 1654 3934 expugnare
1689 3854 1816 3931 valeat;
1849 3856 1884 3918 et

232 3953 410 4017 aeternam?
808 3997 809 4000 κ
1082 3973 1149 4020 una
1172 3973 1246 4020 cum
1271 3957 1355 4018 Sara
1379 3956 1477 4032 atque
1500 3953 1661 4025 Rebecca,
1683 3953 1742 4014 Lia
1762 3954 1885 4016 11111-

272 4056 311 4116 R.
335 4049 449 4112 Credo.
1083 4056 1172 4129 chel,
1193 4053 1299 4118 beatis
1322 4051 1580 4130 reverendisque
1601 4050 1746 4124 feminis,
1771 4049 1884 4113 fructu

272 4151 333 4212 Int·
358 4147 471 4210 Credis
496 4147 597 4208 91111111
617 4144 695 4207 noli
717 4146 751 4208 θῐ
772 4145 895 4208 veteris
914 4146 1031 4208 Teste·
1084 4154 1169 4218 uteri
1193 4153 1245 4216 sui
1273 4149 1455 4214 faecundari
1479 4163 1539 4211 seu
1562 4149 1726 4226 gratulari
1747 4164 1883 4212 merea-

233 4249 335 4313 menti
350 4247 434 4324 legis
449 4246 483 4307 et
496 4245 733 4323 prophetarum
752 4245 785 4306 et
797 4244 1030 4322 Apostolorum
1082 4255 1148 4327 tur,
1175 4251 1217 4314 ad
1246 4249 1398 4312 decorem
1423 4247 1526 4312 totius
1551 4246 1662 4324 regni,
1693 4246 1883 4325 statumque

234 4363 337 4410 unum
348 4361 421 4406 esse
437 4345 607 4406 auctorem
621 4344 724 4404 Deum
735 4343 767 4404 θῖ
779 4342 954 4404 1)(111111111111
965 4359 1031 4405 0111·
1083 4351 1206 4414 sanctae
1219 4348 1279 4411 Dei
1291 4346 1447 4409 Ecclesiae
1460 4344 1639 4421 regendum
1651 4360 1789 4407 necnon
1800 4361 1883 4422 pro-

232 4443 452 4524 ssiPOiffldem?
1083 4432 1271 4526 tegendum.
1306 4448 1371 4508 Per
1401 4443 1568 4504 Christum
1598 4440 1768 4504 dominnm
1799 4459 1883 4504 nos-

273 4546 312 4605 R.
334 4540 449 4602 Credo.
1082 4550 1182 4621 trum,
1199 4545 1257 4624 qui
1280 4559 1324 4606 ex
1336 4540 1532 4605 intemerato
1553 4538 1659 4602 beatae
1673 4540 1790 4601 Mariae
1809 4541 1882 4601 vir-

272 4641 312 4701 Εῖ
326 4638 456 4700 dicatur
470 4635 502 4696 ei
520 4656 527 4693 ²
543 4637 652 4696 «ΗΜ
662 4634 743 4696 fides
758 4635 921 4710 augeatur
933 4651 953 4697 a
965 4637 1032 4698 DO-
1084 4645 1171 4722 ginis
1187 4645 1279 4704 utero
1295 4641 1399 4713 nasci,
1419 4638 1558 4702 visitare
1572 4639 1605 4701 et
1615 4652 1778 4699 renovare
1787 4637 1879 4698 hunc

233 4737 324 4798 mino
336 4734 502 4796 advenam
513 4730 546 4794 et
557 4731 599 4792 ad
610 4733 769 4794 aeternam
780 4731 1029 4808 beatitudinem,
1084 4741 1239 4818 dignatus
1260 4739 1310 4800 est
1330 4735 1508 4813 mundum
1529 4735 1587 4814 qui
1608 4735 1719 4797 tecum
1742 4733 1826 4798 vivit
1846 4736 1881 4798 et

234 4831 447 4894 dilectissime
458 4831 494 4890 in
509 4829 640 4890 Christo
655 4819 714 4890 iiii.
727 4847 745 4890 >›
760 4831 800 4892 Et
811 4831 1032 4910 respondeant
1084 4840 1202 4916 regnat
1221 4838 1309 4898 Deus
1324 4835 1359 4895 in
1381 4834 1508 4897 unitate
1531 4831 1673 4910 Spiritus
1694 4832 1805 4894 Sancti
1820 4847 1882 4909 per

233 4943 347 4992 omnes
364 4949 372 4988 ι
387 4931 503 4994 Amen.
1084 4933 1283 5000 immortalia
1305 4932 1428 4994 saecula
1449 4930 1657 4994 saeculorum.
1680 4933 1831 4992 Amen.»

272 5029 364 5089 Tunc
373 5023 466 5087 vadit
475 5022 628 5084 dominus
641 5025 732 5100 Papa
744 5023 785 5085 ad
801 5026 1029 5097 secretarium,
1124 5037 1195 5106 Qua
1216 5031 1366 5094 oratione
1385 5029 1564 5107 completa,
1590 5043 1676 5089 unus
1702 5027 1742 5090 de
1763 5027 1881 5089 Gardt.

234 5127 267 5188 et
280 5122 389 5185 induit
400 5137 436 5183 se
451 5117 697 5198 pontificalibus
710 5119 911 5184 indumentis
927 5138 1031 5201 usque
1084 5131 1214 5193 nalibus
1229 5125 1431 5206 presbyteris
1448 5124 1502 5188 cui
1516 5125 1609 5203 prior
1624 5125 1830 5202 praeceperit,
1847 5125 1880 5188 et

235 5231 277 5296 ad
291 5226 514 5300 dalmaticam,
531 5239 597 5304 qua
616 5224 752 5288 indutus
773 5225 877 5290 sedet.
894 5227 1031 5292 Interim
1084 5229 1124 5292 de
1138 5225 1332 5289 diaconibus
1354 5223 1507 5286 similiter
1526 5239 1613 5284 unus
1631 5221 1686 5286 cui
1705 5221 1878 5284 archidia-

235 5329 410 5408 episcopus
430 5323 636 5394 Portuensis,
657 5323 693 5384 in
715 5322 824 5386 medio
854 5326 936 5386 rotae
957 5341 1031 5388 me·
1084 5341 1187 5392 conus
1197 5323 1347 5404 jusserit.
1364 5322 1525 5400 Reginam
1540 5319 1706 5383 deducant
1719 5335 1824 5397 usque
1837 5320 1879 5382 ad

236 5428 355 5498 dianae,
370 5423 426 5486 dat
441 5421 529 5484 hanc
548 5419 732 5483 orationem
749 5435 849 5498 super
867 5421 1028 5486 electum:
1084 5425 1190 5488 altare
1208 5421 1314 5484 sancti
1334 5419 1496 5512 Gregorii,
1518 5417 1629 5498 ibique
1650 5418 1801 5496 expectet
1818 5416 1881 5480 do-

272 5637 313 5714 (l)
334 5636 407 5694 llmc
417 5636 606 5708 Imperatores
614 5629 834 5706 sigismundus
826 5648 856 5692 m
866 5633 1030 5696 Constantia
1083 5642 1209 5706 ornatus,
1226 5649 1287 5694 eva
1292 5633 1408 5708 rgelium
1426 5637 1612 5744 cantaverunt
1632 5629 1878 5702 1111111111ιί-

236 5728 387 5788 dalmatica
404 5711 529 5792 indutus,
548 5711 713 5780 Frederlcus
730 5721 830 5780 tertius
844 5723 942 5782 lionis
956 5725 1029 5784 stola
1083 5725 1167 5786 iicali.
