3984 6292
89 387 149 448 585

89 547 158 608 tum
170 541 362 606 certaminis
384 539 756 606 animositatemaxima
770 555 884 619 prope·

89 642 185 706 ravit.
212 642 297 715 Quid
321 642 440 720 piarat
462 640 624 704 Horribili
647 639 735 702 bello
761 639 884 701 acriter

89 739 254 818 utrimque
269 740 455 812 commisso,
472 740 650 801 cessasent
665 738 766 799 multa
777 737 882 799 millia

87 837 258 900 hominum
280 839 475 901 hincinde:
492 838 549 899 sed
565 838 639 916 quis
658 853 773 900 eorum
793 852 882 914 prae·

84 935 229 1001 valuerit
241 951 307 998 non
322 935 463 998 habetur
476 937 613 998 certum.

126 1035 176 1096 10.
199 1035 281 1096 Post
303 1034 366 1096 hoc
391 1037 503 1096 autem
526 1033 679 1095 dominus
702 1032 881 1110 Gregorius

85 1147 260 1208 regressus
283 1133 334 1195 est
354 1149 429 1194 cum
453 1132 581 1194 honore
605 1132 646 1194 ad
674 1131 788 1193 urbem
811 1134 881 1194 Ro-

84 1245 174 1291 mam
197 1251 205 1290 :
231 1229 321 1291 illico
344 1230 505 1308 synodum
527 1230 732 1303 convocavit,
756 1231 791 1291 in
816 1245 881 1307 qua

83 1327 308 1390 interfuerunt
318 1329 425 1389 nuntii
437 1328 608 1390 amborum
621 1344 748 1405 regum,
761 1327 880 1406 quibus

83 1424 240 1486 Pontifex
265 1425 415 1487 districte
439 1426 606 1504 praecepit,
626 1439 668 1486 ne
693 1425 759 1503 ipsi
784 1439 881 1502 reges

82 1525 164 1584 ante
178 1523 355 1585 adventum
374 1523 559 1600 legatorum
574 1539 710 1585 suorum
731 1539 881 1601 pugnare

82 1624 336 1698 praesumerent,
358 1621 413 1683 sed
430 1637 597 1699 congruus
621 1622 715 1684 locus
735 1622 776 1683 ab
792 1623 882 1700 epis-

82 1719 178 1796 copis
200 1719 372 1798 utriusque
393 1720 497 1797 partis
521 1720 741 1793 inveniretur,
758 1721 794 1781 in
816 1737 880 1800 quo

82 1817 164 1878 ente
185 1817 277 1894 ipsos
303 1817 432 1894 legatos
460 1819 610 1880 rationes
639 1833 717 1880 suas
741 1835 880 1898 quaeque

81 1930 163 1992 pars
178 1931 297 1976 secure
312 1915 423 1978 valeat
433 1915 674 1979 demonstrare.
689 1918 781 1989 Quod
803 1935 881 1980 ver-

79 2011 161 2073 bum
176 2011 256 2074 iicet
269 2013 395 2075 nuntiis
405 2013 487 2092 ipsis
497 2013 880 2100 placueritimpediente

79 2110 196 2171 tamen
207 2109 344 2172 humani
358 2112 491 2188 generis
503 2112 650 2185 inimico,
661 2113 879 2176 disturbatum

79 2206 158 2284 fuit3
178 2208 215 2270 et
234 2209 366 2282 iterum,
383 2210 528 2287 peccatis
549 2210 768 2287 exigentibus,
791 2213 880 2274 inter

79 2305 216 2368 eosdem
231 2322 327 2383 reges
341 2307 548 2370 horribiliter
558 2309 609 2370 est
618 2311 810 2386 pugnatum,
823 2311 879 2372 ubi

79 2403 230 2466 maxima
244 2405 393 2467 virorum
413 2405 546 2468 fortium
560 2407 734 2470 multitudo
748 2409 877 2472 cecidit.

79 2503 160 2574 Quae
190 2518 291 2565 causa
317 2503 394 2565 dum
420 2503 554 2566 devenit
579 2504 620 2565 ad
642 2508 879 2570 auressummi

79 2599 268 2675 Pontificis,
282 2617 344 2678 pro
363 2601 457 2664 tanta
478 2601 646 2664 occisione
667 2603 880 2669 vehementer

78 2696 245 2775 ingemuit
265 2720 273 2760 ε
293 2699 351 2761 sed
371 2715 390 2762 a
409 2701 475 2778 pio,
499 2705 585 2778 quod
609 2701 701 2768 tanta
720 2710 877 2782 coeperat,

79 2809 184 2871 opere
196 2794 312 2856 uolens
323 2795 495 2871 desistere,
508 2801 670 2878 synodum
683 2802 718 2863 in
728 2803 880 2880 proxima

79 2891 339 2970 quadragesima
363 2895 483 2956 iterum
508 2900 703 2962 convocavit
723 2922 730 2962 :
750 2901 786 2962 in
815 2918 880 2979 qua

78 2990 257 3067 utriusque
277 2991 380 3068 partis
400 2994 509 3056 nuntii
532 2996 718 3071 venientes,
740 3001 880 3076 jurave-

77 3087 159 3150 runt
176 3103 235 3149 ore
248 3089 383 3166 proprio
405 3091 491 3168 quod
506 3094 664 3156 statutum
679 3095 720 3157 ab
734 3099 880 3175 Aposto-

76 3185 143 3247 lica
170 3185 256 3248 Sede
283 3188 484 3266 colloquium
506 3207 566 3268 per
586 3193 717 3270 eulpam
732 3195 881 3272 ipsorum

76 3299 200 3361 regum
212 3285 403 3348 nullatenus
414 3289 465 3349 est
479 3287 712 3353 disturbatum.
725 3292 879 3372 Ideoque,

76 3381 266 3444 deliberato
282 3383 433 3456 consilio,
451 3385 606 3448 Pontifex
618 3389 659 3450 ad
676 3391 789 3468 partes
804 3391 880 3455 ilias

75 3479 292 3542 venerabiles
301 3482 532 3544 virosPetrum
544 3483 708 3548 Albanum
715 3486 776 3567 (a),
784 3490 881 3568 atque

77 3577 274 3640 Odalricum
290 3579 483 3642 Paduanum
495 3580 511 3660 (
512 3581 544 3662 b)
554 3583 739 3662 episcopos,
747 3586 883 3666 etAqui·

75 3675 226 3752 logicum
239 3675 463 3754 patriarcham
476 3677 534 3758 (c),
546 3696 606 3757 pro
621 3681 768 3746 sedando
780 3685 881 3749 tautae

75 3773 258 3835 discordiae
269 3774 367 3848 malo,
375 3775 601 3840 transmittere
612 3779 752 3844 studuit:
763 3783 881 3860 quibus

73 3872 111 3934 in
127 3871 300 3934 mandatis
315 3869 415 3948 dedit,
432 3875 468 3937 ut
483 3875 615 3939 eosdem
635 3895 731 3956 reges
744 3896 765 3943 a
776 3879 884 3945 beilo-

75 3985 156 4031 rum
167 3968 401 4046 congressibus
416 3972 642 4050 prohiberent,
655 3977 688 4038 et
700 3983 882 4044 convocata

75 4067 210 4147 synodo
222 4068 394 4146 episcopos
405 4072 438 4132 et
447 4071 622 4148 religiosos
633 4074 724 4136 viros
733 4076 775 4137 ad
788 4093 881 4140 suam

74 4165 295 4246 praesentiam
306 4165 463 4244 juberent
483 4170 653 4232 accedere.
670 4172 732 4243 Qui
748 4176 882 4253 accepto

75 4263 240 4326 mandato
253 4265 460 4328 transierunt
469 4265 510 4327 ad
526 4282 638 4344 regem
651 4267 880 4347 inBavariam,

75 4364 110 4425 et
124 4363 159 4424 ei
170 4361 349 4423 consilium
360 4363 391 4424 et
401 4364 605 4426 voluntatem
616 4369 720 4443 patris
730 4371 881 4431 suiPon-

75 4460 182 4524 tiflcis
196 4459 433 4523 ostenderunt:
450 4461 507 4522 sed
523 4464 610 4540 apud
625 4465 734 4541 ipsum
749 4466 882 4531 efficere

75 4559 277 4620 nullatenus
287 4560 474 4635 potuerunt,
487 4560 573 4637 quod
586 4561 621 4622 in
634 4579 738 4639 regno
751 4582 811 4628 suo
822 4583 884 4645 pa-

74 4657 211 4719 teretur
224 4655 385 4732 synodum
401 4656 575 4732 celebrari,
593 4659 659 4720 nisi
671 4662 882 4742 Rodulphum

75 4769 197 4831 regem
210 4752 338 4831 absque
350 4754 522 4829 citatione,
536 4771 603 4818 non
623 4759 811 4823 confessum
828 4764 882 4826 rel

76 4852 283 4925 convictum,
296 4854 651 4918 excommunicationis
673 4858 807 4922 vinculo
829 4861 883 4923 in·-

75 4951 258 5013 nodarent.
275 4950 366 5022 Quod
381 4952 460 5028 quia
475 4951 575 5029 legati
585 4952 696 5016 facere
708 4973 775 5019 non
790 4975 881 5036 prae-

116 5161 163 5236 (α)
184 5163 289 5220 llicest
298 5163 325 5220 S.
337 5162 439 5220 Petrus
453 5165 560 5234 tyneus.
569 5179 605 5222 ex
618 5165 718 5225 ordine
726 5170 880 5230 vallisum-

75 5234 251 5364 ἓὲιιιιζῗέιὲιι.
268 5233 338 5292 toti
352 5241 464 5292 creatus
486 5235 639 5294 cardinalis
660 5240 812 5314 epiecopus
831 5245 880 5301 Al·

118 5410 160 5484 (b)
183 5411 349 5469 Utdaricunt
363 5411 644 5486 appellatUghellus,
660 5415 707 5488 qui
724 5417 881 5480 Ecclesiam

78 5483 253 5542 Patavinam
269 5482 341 5541 rexit
354 5497 445 5555 usque
458 5483 493 5540 ed
506 5499 553 5541 en.
572 5485 651 5556 loeo,
662 5484 737 5545 haud
753 5491 802 5549 diu
816 5502 882 5551 ente

76 5553 162 5612 hene
170 5553 346 5627 legationem
357 5561 471 5612 creatus
483 5555 644 5630 episeopus.

119 5655 163 5730 (c)
181 5659 331 5728 llmricee,
348 5666 461 5717 mortuo
481 5658 680 5719 miserabiliter
698 5663 881 5729 schismatico

78 5727 228 5803 sigefrido
242 5727 391 5802 eubertus,
405 5728 461 5788 hoe
473 5730 534 5804 ipso
547 5744 623 5790 anno
639 5733 722 5807 10773
742 5737 789 5794 elit
804 5739 878 5814 sipe-

704 379 904 441 elthecem
928 379 986 440 vll
1007 329 1120 440 VITA.

1676 379 1735 440 586

938 543 1159 618 sumpserunt,
1184 539 1333 604 dolentes
1362 539 1448 618 quod
1475 537 1599 618 absque
1625 538 1734 602 fructu

937 653 1053 698 eorum
1071 638 1221 715 fatigatio
1241 637 1445 711 remanebat,
1461 637 1583 700 infecto
1600 637 1733 714 negotio

937 739 1127 798 remearunt
1139 737 1180 798 ad
1195 736 1308 800 urbem
1320 739 1468 799 Romam.
1482 738 1603 798 lteram
1623 736 1733 798 autem

937 833 1026 895 inter
1036 835 1167 896 eosdem
1180 850 1276 910 reges
1291 834 1413 896 acriter
1428 834 1477 896 est
1491 835 1683 912 pugnatum,
1700 833 1734 896 et

936 932 1730 1005 multamilliahominum,niaximeBohemorum,

936 1045 1023 1092 caesa
1035 1033 1122 1093 sunt.
1140 1033 1270 1093 interea
1283 1030 1485 1092 venerabilis
1502 1029 1664 1101 Pontifex,
1678 1045 1734 1090 re·-

936 1129 1040 1204 ceptis
1050 1129 1317 1191 nuntiisRoberti
1325 1127 1733 1204 Guiscardi,egregiiNor·

936 1241 1132 1288 manncrum
1145 1225 1250 1297 ducis,
1261 1241 1379 1286 versus
1392 1225 1544 1302 Apuliam
1557 1225 1631 1300 post
1640 1225 1734 1285 octa·

935 1339 994 1385 vas
1011 1323 1225 1386 pentecostes
1245 1325 1311 1385 iter
1334 1323 1487 1400 arripuit,
1509 1325 1638 1384 etcum
1658 1322 1736 1398 ipso

935 1421 1021 1499 apud
1040 1421 1206 1500 Aquinum
1222 1423 1424 1500 colloquium
1435 1420 1564 1483 habuit.
1579 1422 1735 1496 Congrua

935 1521 1046 1598 itaque
1063 1521 1158 1583 abeo
1174 1521 1400 1584 satisfactione
1420 1522 1573 1597 suscepta
1593 1519 1696 1596 prius,
1711 1535 1732 1582 a

934 1619 1068 1682 vinculo
1078 1619 1430 1681 excommunicationis
1445 1634 1520 1680 eum
1535 1618 1687 1691 absolvit,
1699 1621 1733 1680 et

935 1720 1177 1797 consequenter
1190 1717 1383 1780 fidelitatem
1404 1717 1438 1779 et
1456 1717 1646 1792 homagium
1659 1720 1736 1795 ejus

934 1817 1069 1894 recepit.
1078 1816 1290 1880 Postmodum
1303 1831 1381 1878 vero
1392 1818 1463 1893 jam
1478 1816 1682 1892 assumptum
1696 1816 1734 1875 in

935 1915 1113 1994 specialem
1143 1914 1233 1977 beati
1258 1914 1350 1976 Petri
1375 1913 1536 1986 militem,
1566 1913 1610 1974 de
1629 1913 1732 1974 totius

933 2011 1062 2089 Apuliae
1088 2012 1122 2072 et
1147 2009 1309 2071 Calabriae
1335 2009 1467 2081 ducatu,
1487 2025 1548 2086 per
1570 2009 1731 2070 vexillum

935 2109 1030 2172 Sedis
1045 2107 1255 2186 Apostolicae,
1271 2107 1442 2170 investivit
1456 2105 1514 2187 (t).

1224 2343 1362 2405 CAPUT
1383 2341 1439 2402 111.

934 2487 1089 2588 &tetberti
1097 2524 1279 2599 nititpopae
1286 2521 1461 2597 protractio
1472 2538 1483 2581 .·
1493 2523 1639 2596 Hcmtct
1647 2521 1732 2600 stipa

1093 2625 1135 2685 ab
1153 2625 1239 2684 dtrbe
1258 2638 1269 2681 .·
1289 2634 1386 2682 paors
1400 2623 1571 2696 Gregorii.

976 2801 1024 2863 11.
1048 2799 1170 2862 Eodem
1185 2796 1729 2876 quoquetemporeroxlleriricus,

936 2901 969 2962 in
998 2913 1119 2975 magna
1148 2895 1304 2974 superbie
1328 2896 1498 2968 elevatus,
1528 2895 1733 2956 antedictum

935 2997 1123 3060 Leimarum
1131 2997 1343 3058 Bremensem
1359 2993 1624 3056 etHermannum
1633 2995 1737 3054 Bam-

935 3095 1129 3172 bergensem
1165 3093 1369 3164 antistitem,
1400 3091 1589 3153 cervicosos
1616 3090 1731 3166 viros,

936 3193 1114 3256 destinavit
1128 3191 1169 3253 ad
1184 3190 1300 3252 urbem
1313 3193 1495 3253 Romanam
1510 3205 1570 3266 per
1583 3205 1666 3268 quos
1680 3189 1740 3250 ni·-

936 3293 1000 3354 mis
1025 3292 1180 3368 proterve
1203 3288 1373 3350 mandavit
1387 3291 1486 3366 Papae
1501 3287 1672 3364 Gregorio,
1693 3304 1742 3350 ac·

937 3390 965 3450 si
978 3389 1174 3466 potestatem
1195 3401 1296 3464 super
1314 3401 1389 3446 eum
1404 3384 1553 3458 haberet,
1570 3387 1739 3462 quatenus·

937 3485 1146 3563 Rodulphum
1161 3483 1224 3545 sibi
1244 3483 1474 3544 adversantem
1498 3481 1732 3544 excommuni-

937 3600 1018 3647 care
1034 3583 1223 3644 nullatenus
1242 3581 1423 3658 protelaret
1439 3601 1446 3642 ι
1463 3579 1586 3658 quodsi
1600 3595 1667 3640 non
1682 3578 1734 3641 fa-

937 3683 1036 3754 ceret,
1054 3681 1130 3758 ipse
1148 3682 1272 3757 Papam
1296 3676 1476 3759 [papatum
1491 3674 1646 3758 cencius]
1670 3676 1732 3741 sibi

937 3781 1147 3860 acquireret,
1176 3778 1232 3856 qui
1258 3777 1485 3840 ecclesiastica
1513 3791 1655 3838 censura
1681 3775 1733 3836 sui

937 3879 1044 3942 hostis
1072 3876 1286 3940 insolentiam
1313 3877 1493 3937 coerceret.
1524 3873 1734 3938 Venerabilis

937 3993 1033 4055 papa,
1048 3975 1104 4053 qui
1128 3991 1188 4052 pro
1199 3973 1330 4051 justitia
1346 3972 1542 4048 sanguinem
1564 3971 1734 4050 proprium

937 4073 1074 4136 fundere
1093 4072 1230 4150 paratus
1244 4071 1327 4144 erat,
1344 4085 1410 4130 non
1433 4069 1473 4130 ad
1498 4069 1735 4147 procacitatem

939 4168 1165 4252 [procacitatis
1182 4168 1295 4241 verba,
1313 4164 1467 4247 Cattelas]
1482 4166 1657 4236 verborum
1673 4183 1735 4227 su-

937 4269 1030 4347 perbi
1044 4267 1145 4344 regis,
1166 4267 1223 4328 sed
1239 4266 1280 4327 ad
1296 4265 1451 4326 mandata
1472 4263 1599 4326 ‚Iudicis
1619 4263 1735 4325 aeterni

937 4365 1131 4445 respiciens
1155 4365 1366 4443 saepefatum
1389 4361 1611 4440 Rodulphum,
1627 4361 1736 4423 ratio-

937 4481 1014 4526 nem
1019 4465 1144 4543 justam
1157 4461 1429 4541 praetendentem,
1441 4459 1734 4533 arrathematiaare,

937 4565 1024 4626 sicut
1047 4578 1114 4624 non
1129 4561 1252 4636 debuit,
1271 4559 1407 4621 minime
1428 4559 1545 4631 voluit,
1564 4558 1621 4619 sed
1641 4573 1738 4619 eum-

936 4661 1013 4723 dem·
1028 4672 1149 4736 regem·
1165 4659 1356 4736 frequenter
1384 4657 1631 4730 commonitum,
1653 4658 1686 4718 et
1714 4671 1739 4720 a

937 4759 1006 4820 suis
1021 4757 1214 4821 excessibus
1229 4773 1295 4820 non
1306 4755 1567 4833 resipiscentem,
1579 4755 1735 4833 quoniam

936 4858 1065 4934 legatos
1081 4855 1175 4918 Sedis
1191 4855 1388 4931 Apostolicee
1403 4853 1582 4916 concilium
1594 4853 1629 4914 in
1643 4855 1733 4916 terra

937 4954 1173 5017 dominationis
1185 4969 1254 5014 suae
1265 4967 1473 5030 nequaquam
1482 4951 1652 5014 celebrare
1662 4967 1735 5030 per·

936 5167 1059 5226 tardem
1074 5165 1236 5238 appellant:
1253 5163 1392 5237 Ughellus
1419 5164 1593 5236 digefridum
1616 5178 1631 5220 e
1656 5165 1732 5237 Stye-

936 5239 1026 5296 lmrdo
1039 5251 1096 5294 non
1111 5237 1269 5309 distinguit.

974 5307 1015 5381 (l)
1036 5309 1132 5392 Voigt,
1150 5315 1168 5364 t.
1186 5309 1211 5374 i,
1233 5323 1260 5380 p.
1275 5306 1328 5363 330
1343 5323 1350 5363 :
1366 5303 1504 5380 Gregoire
1524 5305 1564 5363 lui
1585 5305 1678 5364 donne
1695 5321 1731 5363 ou

937 5381 1044 5448 neten
1066 5378 1105 5436 lut
1143 5375 1288 5435 riseritent
1309 5390 1347 5433 un
1368 5376 1516 5446 eteoderd,
1529 5378 1556 5434 lu
1569 5376 1686 5436 Celebre
1703 5385 1733 5434 et

937 5455 962 5511 le
979 5450 1097 5532 Pouille.
1114 5394 1148 5508 ὅ.
1163 5449 1189 5506 le
1204 5449 1329 5530 diplbme
1352 5447 1388 5530 de
1409 5455 1484 5506 cette
1502 5448 1637 5505 donation
1659 5448 1731 5505 daus

937 5527 978 5584 les
999 5525 1103 5592 epae,
1120 5520 1167 5577 tiv.
1184 5521 1211 5582 8.
1226 5519 1271 5576 ed.
1286 5520 1419 5592 Pegtuer,
1442 5526 1463 5576 t
1488 5519 1513 5591 i,
1531 5535 1558 5592 p.
1575 5519 1639 5586 4383
1658 5517 1731 5575 dens

937 5593 1086 5660 baronius,
1105 5605 1172 5648 ann.
1197 5591 1283 5660 10803
1306 5589 1378 5647 deos
1391 5589 1496 5660 labbe,
1516 5596 1537 5648 t.
1562 5591 1605 5657 to,
1623 5605 1649 5662 p.
1666 5589 1728 5648 250.

936 5671 1012 5726 Pour
1023 5663 1093 5720 hxer
1107 5662 1133 5719 le
1146 5661 1212 5720 dete
1226 5661 1262 5718 do
1283 5667 1329 5718 cet
1342 5657 1523 5732 ivdiiement,
1532 5663 1565 5723 v.
1583 5661 1732 5731 iteratori,

936 5739 1013 5798 ittet.
1024 5733 1131 5803 elect,
1145 5739 1166 5790 t.
1179 5733 1207 5806 6,
1223 5749 1251 5807 p.
1262 5730 1327 5790 tri.
