3992 6380
514 241 576 302 969
956 241 1001 304 IN
1024 242 1153 303 FESTO
1175 239 1478 304 PENTECOSTES.
1503 245 1643 304 SERMO

516 396 632 480 (Apoc.
646 414 715 474 xrr,
732 398 777 482 ⁴)·.
801 401 940 462 Decoxit
956 400 1067 476 etiam,
1085 401 1118 466 et
1139 403 1313 480 depuravit
1348 414 1350 418 ’
1367 401 1476 484 (Rom.
1490 420 1549 476 xn,
1564 403 1629 482 20).

514 498 629 577 potum
645 497 699 560 vel
727 499 836 560 cibum
859 499 1039 578 Scriptura
1059 499 1095 561 in
1118 501 1310 578 Evangelio,
1366 501 1558 578 telligimus.
1575 501 1643 563 carl

516 615 589 678 quae
610 601 646 662 in
660 601 768 664 veteri
787 601 860 677 lege
876 601 971 680 quasi
985 603 1088 664 cruda
1110 605 1182 665 erat
1198 604 1233 666 et
1258 619 1313 665 se·
1366 601 1485 673 ritatis
1502 617 1584 678 quos
1596 617 1643 662 ver

515 698 667 772 micocta‚
683 699 737 762 vel
752 699 907 777 insipida,
920 701 1050 777 quando
1067 702 1139 764 erat
1154 717 1240 778 aqua
1255 702 1310 764 te·
1366 701 1497 760 mimus.
1522 701 1590 760 Hos
1619 716 1643 760 c:

515 794 658 858 nebrosa
684 797 718 858 in
738 797 880 858 nubibus
906 799 1006 870 aeris,
1034 799 1067 861 et
1088 798 1311 861 velamentum
1367 813 1640 874 congregamuss

515 895 659 973 positum
676 912 776 972 super
789 896 908 958 faciem
926 896 1066 974 Moysis3
1081 898 1310 975 propterquod
1366 912 1425 974 per
1442 895 1643 958 benerolent

515 992 657 1068 gloriam
676 994 787 1056 vultus
820 998 891 1073 ejus
921 1011 987 1058 non
1009 997 1139 1073 poterat
1173 996 1309 1058 intueri.
1366 1010 1441 1055 eum
1458 995 1498 1056 ad
1513 1009 1643 1054 amoren

517 1091 582 1152 Sed
596 1091 632 1151 iu
647 1093 827 1169 Evangelio
842 1093 954 1156 velum
975 1094 1088 1170 templi
1106 1094 1247 1155 scissum
1262 1095 1312 1157 est
1365 1093 1643 1170 ignissunt'ardor

516 1203 687 1252 asummo
712 1207 816 1268 usque
838 1191 1004 1258 deorsum.
1026 1193 1058 1253 et
1085 1192 1311 1269 apparuerunt
1365 1191 1636 1268 congregabimus

516 1288 638 1348 Sancta
665 1289 872 1350 Sanctorum.
900 1289 1058 1351 calefecit
1081 1291 1233 1364 Petrum,
1254 1290 1311 1367 qui
1365 1290 1643 1367 marcquardus

514 1382 620 1460 frigus
634 1385 841 1448 infidelitatis
854 1386 997 1448 habebat
1013 1387 1047 1448 in
1062 1389 1182 1460 mente,
1200 1404 1311 1465 quam·
1366 1388 1417 1449 nis
1431 1403 1491 1466 pro
1511 1389 1587 1450 odio
1602 1388 1643 1463 in}

514 1480 572 1545 diu
587 1483 740 1547 calefecit
758 1501 794 1546 se
818 1485 859 1546 ad
874 1484 985 1562 ignem
1007 1485 1042 1546 in
1057 1484 1143 1547 atrio
1163 1486 1308 1563 Caiphae,
1365 1486 1407 1558 ei,
1422 1486 1456 1548 et
1466 1487 1538 1563 ipse
1553 1484 1643 1546 nolui

513 1597 576 1642 nec
597 1581 686 1658 ignis
711 1583 845 1660 Caiphae
866 1581 996 1660 poterat
1015 1584 1178 1660 repellere
1204 1584 1310 1660 frigus
1405 1584 1563 1661 Decoquit
1581 1599 1631 1660 per

514 1679 646 1741 mentis.
664 1679 727 1741 Sed
743 1681 800 1740 uhi
820 1682 979 1742 Dominus
994 1683 1143 1758 respexit
1161 1681 1308 1756 Petrum,
1365 1699 1438 1762 quae
1453 1698 1629 1760 proponere

513 1778 548 1838 et
563 1777 652 1852 ignis
674 1778 817 1854 Spiritus
835 1779 947 1841 Sancti
966 1796 1042 1842 eum
1066 1779 1230 1850 calefecit,
1250 1797 1310 1842 re·
1366 1781 1551 1858 coquuntur
1574 1780 1609 1839 in
1641 1798 1643 1838 l

514 1875 646 1952 pulsum
661 1877 711 1938 est
729 1875 835 1953 frigus
857 1877 1074 1951 infidelitatis,
1087 1879 1119 1940 et
1132 1877 1204 1956 ipse
1219 1877 1311 1942 flevit
1365 1880 1444 1952 silii,
1461 1877 1559 1956 juxta
1574 1895 1643 1955 qu«

513 1987 638 2035 amare.
1366 1992 1496 2053 semper
1520 1991 1643 2052 praeve

553 2073 639 2148 Ergo
660 2073 692 2135 et
715 2089 786 2147 nos,
813 2073 945 2144 fratres,
969 2090 1101 2138 oremus
1119 2075 1308 2150 Dominum,
1364 2090 1409 2148 rr,
1426 2071 1471 2152 5),
1489 2073 1583 2145 idest,
1601 2073 1624 2132 d

513 2167 551 2230 ut
572 2169 684 2244 ignem
699 2170 799 2232 istum
817 2171 936 2242 mittat,
952 2172 985 2234 et
1003 2173 1038 2232 in
1060 2172 1161 2234 corda
1182 2173 1307 2245 nostra,
1364 2173 1456 2250 prius
1486 2172 1599 2233 veniat
1618 2189 1643 2224 ·ι

513 2266 571 2344 qui
599 2283 660 2329 nos
687 2267 854 2331 illuminet
886 2268 1116 2346 intelligentiae
1146 2270 1306 2343 scientia,
1363 2271 1523 2347 linguam,
1561 2285 1643 2330 sec¹¹

513 2363 588 2426 uret
603 2365 696 2439 vitia,
713 2365 847 2429 roboret
867 2368 1099 2440 constantiam,
1113 2368 1232 2445 purget
1250 2383 1311 2446 per
1365 2371 1487 2432 Omnia
1511 2370 1567 2442 soc
1589 2383 1620 2428 ca
1641 2387 1643 2408 ·

513 2463 721 2540 patientiam,
742 2464 887 2527 desiccet
905 2465 1105 2528 removendo
1125 2465 1306 2544 superflua,
1363 2481 1433 2528 non
1451 2465 1619 2540 poenitent.

514 2559 680 2640 decoquat
694 2563 727 2625 et
737 2561 875 2640 depuret
887 2563 1042 2640 puritatis
1059 2563 1260 2637 innocentia,
1277 2563 1310 2626 et
1363 2581 1424 2644 per
1451 2564 1604 2641 spiritum
1641 2562 1643 2622 3

514 2658 688 2722 calefaciat
703 2660 817 2722 contra
832 2660 937 2737 frigus
951 2661 1164 2740 protectionis
1178 2661 1307 2722 umbra.
1364 2680 1382 2724 e
1403 2663 1515 2725 Estote
1528 2661 1617 2722 forte

513 2755 572 2819 nst
588 2773 667 2834 ergo
681 2757 770 2834 ignis
784 2759 848 2820 iste
873 2758 1085 2837 septiformis,
1108 2775 1171 2821 nec
1191 2759 1311 2821 imme-
1363 2761 1454 2838 tiquo
1468 2760 1616 2836 serpente

512 2855 590 2927 rito,
611 2855 690 2933 quia
712 2856 744 2918 et
769 2856 906 2934 spiritus
934 2857 1017 2934 ipse,
1044 2858 1102 2934 qui
1116 2858 1218 2934 ¹iguis
1246 2856 1313 2930 est,
1364 2859 1438 2920 fide.
1456 2877 1475 2919 n
1496 2859 1614 2933 Purgal
1641 2874 1643 2932 j

513 2951 714 3028 septiformis
735 2955 795 3016 est.
820 2955 860 3016 Et
885 2954 1017 3032 quidem
1040 2954 1151 3028 nohis,
1175 2955 1308 3028 fratres,
1362 2959 1453 3018 recte
1468 2971 1613 3017 convers:
1641 2971 1643 3014 :

514 3052 593 3128 quia
622 3051 672 3114 est
709 3052 845 3130 spiritus
883 3053 1055 3130 sapientiae
1091 3053 1125 3116 et
1157 3052 1311 3115 intellec·
1364 3054 1397 3118 et
1417 3069 1583 3132 perversae
1641 3070 1643 3112 l

511 3148 577 3222 tus,
603 3149 739 3226 spiritus
767 3149 903 3214 consilii
930 3150 963 3212 et
989 3148 1204 3223 fortitudinis,
1239 3153 1310 3229 spi-
1363 3152 1451 3224 fano,
1469 3151 1610 3214 mundun

512 3245 598 3307 ritus
627 3247 775 3310 scientia
799 3248 832 3310 et
859 3247 1005 3324 pietatis,
1040 3249 1074 3310 et
1108 3249 1245 3325 spiritus
1264 3249 1310 3310 ti-
1363 3266 1437 3312 mus
1458 3248 1609 3310 malum]

512 3344 615 3407 moris
639 3345 787 3408 Domini¹⁴
815 3345 929 3422 Itaque
956 3345 1045 3406 lucet
1072 3345 1309 3422 perspiritum
1363 3349 1479 3410 nentes
1495 3346 1603 3408 lucem
1641 3363 1643 3404 z

512 3442 697 3519 sapientiae,
724 3441 792 3504 urit
825 3457 885 3520 per
919 3441 1071 3520 spiritum
1105 3443 1306 3518 intellectus,
1365 3443 1545 3508 secundum
1561 3460 1607 3521 qu
1641 3444 1643 3501 l

512 3539 665 3620 decoquit
679 3556 739 3618 per
754 3539 908 3616 spiritum
932 3540 1076 3613 consilii,
1093 3540 1229 3602 roborat
1250 3557 1310 3618 per
1363 3545 1498 3614 dentes,
1523 3546 1606 3604 sicul
1641 3583 1643 3600 .

513 3639 665 3716 spiritum
693 3638 909 3712 fortitudinis,
930 3637 1051 3716 purgat
1070 3655 1130 3717 per
1153 3639 1309 3716 spiritum
1363 3643 1465 3704 Juxta
1475 3639 1564 3717 guod
1578 3639 1604 3700 et
1641 3689 1643 3700 .

512 3736 677 3810 scientiae,
710 3735 856 3799 desiccat
883 3751 943 3814 por
975 3736 1128 3814 spiritum
1161 3737 1307 3813 pietatis,
1363 3742 1458 3803 veris
1481 3738 1603 3811 pretio:
1641 3755 1643 3794 2

514 3833 670 3896 calefacit
710 3851 769 3916 per
804 3834 957 3912 spiritum
1001 3832 1132 3894 timoris
1162 3835 1305 3896 Domini.
1364 3839 1436 3896 eris
1452 3832 1586 3912 (Jerem.
1641 3848 1643 3874 ·

512 3931 617 3995 Lucet
642 3948 702 4011 per
728 3931 880 4010 spiritum
909 3930 1099 4008 sapientise,
1128 3931 1309 3992 secundum
1364 3933 1485 3994 tiorum
1508 3929 1600 3990 nostr
1641 3945 1643 3966 r

514 4030 599 4112 quod
622 4031 694 4108 ipsa
714 4030 779 4092 ait:
804 4047 822 4090 ε
845 4029 907 4102 Qui
928 4027 1096 4090 elucidant
1115 4044 1178 4101 me,
1207 4029 1310 4093 vitam
1365 4048 1383 4092 e
1404 4031 1479 4092 Non
1493 4026 1599 4088 enimn

514 4130 672 4191 aeternam
697 4127 912 4190 habebunt.»
938 4126 1001 4199 Qui
1024 4125 1113 4188 enim
1129 4127 1216 4188 docti
1237 4125 1311 4200 fue·
1364 4146 1384 4189 e
1405 4141 1565 4197 muscos,
1582 4139 1597 4184 s

512 4226 592 4299 rint,
617 4226 791 4303 fulgebunt
810 4226 896 4288 sicut
921 4223 1078 4302 splendor
1098 4223 1308 4286 firmamenti.
1365 4242 1384 4287 c
1405 4225 1494 4287 diam
1510 4223 1597 4284 salvo
1641 4238 1643 4279 l

513 4326 655 4402 Propter
674 4324 761 4401 quod
785 4323 818 4386 et
839 4323 989 4386 doctrina
1014 4322 1186 4400 sapientiae
1206 4322 1312 4383 lucer·
1366 4322 1445 4384 facit
1463 4336 1523 4399 per
1541 4319 1596 4396 spi:
1641 4335 1643 4372 l

514 4437 558 4484 na
582 4421 714 4496 dicitur,
737 4423 832 4500 juxta
855 4420 938 4483 illud
961 4443 967 4482 :
990 4424 1149 4483 Lucerna
1168 4422 1312 4496 pectens
1366 4419 1500 4498 pientiae
1519 4418 1594 4479 timo
1641 4417 1643 4476 1

513 4515 1143 4600 metsoerdomtuum(Ps.118,105).
1209 4575 1211 4581 ,
1367 4535 1456 4580 mum
1480 4516 1593 4576 indum
1641 4517 1643 4570 l

554 4618 594 4680 Et
614 4618 718 4680 item:
740 4619 915 4680 Habemus
931 4617 1117 4680 certiorem
1135 4615 1314 4691 propheti·
1368 4617 1491 4692 frigore
1519 4613 1592 4676 infir?
1641 4631 1643 4670 l

514 4730 807 4787 cumscrrnonem,
824 4718 879 4778 cul
890 4713 1086 4790 terrefacttts
1098 4712 1314 4776 intendentes
1368 4713 1474 4774 illud:
1495 4715 1591 4774 licon

516 4815 682 4889 tanquam
708 4819 859 4875 lucernae
902 4815 939 4874 in
960 4813 1145 4887 cottptnoso
1168 4814 1237 4872 loco
1269 4807 1314 4889 (ll
1367 4808 1589 4888 serooffleut.
1641 4821 1643 4829 ’

515 4911 586 4974 Pet.
611 4927 635 4984 1,
656 4909 719 4991 lo).
745 4909 820 4972 Urit
844 4909 1072 4988 perspiritum
1102 4906 1312 4970 intellectus:
1409 4910 1449 4970 nt
1463 4909 1534 4969 haec
1550 4923 1588 4966 es·
1641 4926 1643 4964 ι

515 5023 593 5076 uam
604 5008 826 5087 perquirendo
837 5009 871 5071 et
887 5004 1104 5082 intelligendo
1114 5003 1196 5066 vitia
1205 5003 1316 5080 proxi·
1370 5005 1435 5070 cito
1450 5005 1587 5084 profertr
1641 5005 1643 5061 l

516 5123 662 5180 morum,
692 5106 837 5178 urimur,
867 5105 1097 5173 obsecramus,
1130 5101 1313 5178 arguimus,
1371 5105 1404 5166 et
1421 5104 1502 5164 ideo
1521 5100 1586 5178 Spir
1641 5117 1643 5158 l

517 5205 728 5283 increpamus
750 5203 934 5282 opportune
953 5205 987 5265 et
1001 5201 1199 5279 importune,
1217 5199 1317 5277 juxta
1372 5202 1423 5264 est
1436 5201 1485 5260 eis
1501 5197 1584 5259 iufus
1641 5243 1642 5250 ρ

517 5304 622 5365 illud:
638 5302 781 5365 «Verba
801 5300 961 5378 sapientis
977 5301 1054 5361 suut
1069 5298 1164 5375 quasi
1177 5295 1313 5367 stimuli,
1371 5297 1434 5370 rat,
1455 5293 1553 5373 juxta
1571 5292 1583 5352 i
1641 5291 1643 5350 i

518 5390 1316 5481 ‹etquasiclariinaltnmdefixisfflcclmudl).
1372 5389 1582 5464 «nametrir
1642 5451 1643 5458 p

520 5499 706 5566 Secundum
723 5497 808 5579 quod
825 5497 925 5560 etiam
939 5495 1083 5572 intelligi
1096 5492 1205 5574 potest
1219 5489 1316 5554 illud:
1374 5489 1488 5572 (Eccli.
1517 5501 1581 5548 xxi

519 5599 691 5668 cardones
712 5599 802 5675 totels
820 5607 985 5672 congeres
1000 5605 1108 5667 super
1121 5589 1225 5666 capot
1244 5589 1319 5661 ejus
1374 5585 1500 5658 edocet,
1515 5585 1579 5660 jur
1641 5583 1643 5640 l
