3978 6290
272 357 334 416 235
890 357 1067 421 HONORII
1089 359 1134 420 111
1156 359 1304 421 OPERA.
1609 385 1611 388 ·
1856 360 1908 419 too

274 515 341 594 ipsi
355 513 470 578 deesse
484 515 633 578 ecclesiae
655 515 727 579 sine
748 516 855 594 ipsius
874 516 1069 582 detrimento
1124 518 1214 583 retro
1242 514 1445 595 temporibus
1477 513 1623 580 Atrebat.
1652 513 1808 578 Ecclesia
1826 531 1907 595 pre·

276 612 424 692 potestis,
446 629 507 676 nec
525 613 633 676 eidem
656 613 786 678 audetis
805 613 933 689 adesse,
954 631 997 677 ne
1017 614 1072 677 vi·
1125 616 1271 690 fuerunt,
1295 615 1367 678 sive
1388 614 1567 677 saeculares
1582 613 1716 689 biorint,
1733 612 1806 676 sire
1819 613 1909 677 etiam

276 709 421 774 deamini
436 712 550 774 contra
565 710 688 776 dictum
706 711 817 776 iacere
830 713 1068 792 juramentum.
1124 715 1308 792 regulares,
1326 713 1481 776 canonici
1500 727 1577 776 esse
1597 703 1839 776 consueverunt
1857 727 1911 775 oc·

276 810 385 881 Quare
395 807 491 871 nobis
502 808 674 874 humiliter
684 810 908 890 supplicastis,
919 811 958 874 ut
971 826 1072 890 super
1125 811 1238 875 clesiae
1252 811 1454 886 memoratae,
1476 809 1573 874 bonas
1587 809 1756 874 memorie
1768 813 1808 874 R.
1821 811 1911 874 Atre-

275 904 328 967 liis
351 906 490 984 paterna
512 906 687 985 providere
706 908 929 972 sollicitudine
952 908 1072 986 digna-
1124 909 1192 974 bat.
1223 908 1378 988 episcopo
1412 909 1503 972 riam
1535 909 1702 972 unirersae
1728 907 1840 972 carnis
1863 907 1912 970 in-

273 1017 397 1065 remur.
413 1003 482 1068 Nos
496 1005 600 1082 igitur
609 1005 744 1069 utilitati
754 1005 902 1084 ejusdem
920 1006 1071 1068 ecclesiae
1125 1023 1251 1086 gresso,
1281 1007 1372 1069 certa
1404 1006 1459 1070 dia
1487 1006 1528 1069 ad
1555 1005 1743 1084 eligendum
1776 1005 1911 1078 statuta,

274 1100 307 1164 et
319 1100 431 1166 saluti.
447 1118 487 1164 ao
512 1102 610 1165 samaa
632 1102 770 1178 restrae,
795 1104 829 1168 et
849 1103 970 1166 honori
990 1103 1071 1168 dicti
1125 1105 1273 1183 ejusdem
1296 1103 1448 1167 ecclesiae
1471 1103 1642 1176 canonici,
1667 1104 1701 1168 et
1721 1118 1799 1166 ren.
1831 1103 1854 1164 ι.
1882 1119 1911 1165 n.

273 1198 435 1278 principis
462 1200 589 1278 paritor
616 1199 839 1278 providentes,
864 1201 1069 1280 interpreta—
1124 1202 1271 1267 atrebat.
1290 1203 1476 1282 episcopus,
1496 1202 1576 1266 tnnc
1592 1201 1864 1275 archidiaconus,
1884 1203 1914 1264 et

273 1295 364 1358 tione
387 1312 535 1374 congrua
556 1297 775 1372 declaramus,
788 1315 864 1362 -ros
880 1299 1071 1377 juramento
1126 1301 1278 1365 canonici
1296 1300 1403 1380 ipsius
1422 1300 1572 1363 ecclesiae
1592 1298 1780 1363 statuerunt
1792 1315 1851 1377 per
1860 1301 1913 1378 ju-

274 1393 464 1472 bujusmodi
478 1411 545 1458 non
566 1395 684 1470 teneri,
706 1397 786 1476 quin
813 1413 874 1476 pro
892 1396 1020 1459 viribus
1039 1397 1072 1459 et
1125 1400 1311 1462 ramentum
1335 1415 1400 1480 quo
1427 1397 1626 1462 tenebantur
1649 1397 1817 1470 ecclesiae,
1841 1413 1915 1459 oon-

274 1489 455 1554 bonoribus
469 1493 575 1571 ipsius
597 1493 759 1569 ecclesiae,
773 1495 926 1558 aeoliam
941 1495 1073 1572 specia-
1126 1497 1307 1572 firmantes,
1333 1496 1418 1576 quod
1442 1495 1630 1576 quicunque
1659 1495 1700 1558 de
1722 1493 1849 1572 gremio
1867 1493 1914 1572 ip-

274 1586 362 1650 libus
391 1589 512 1652 restris
535 1591 684 1668 legitime
715 1590 930 1655 defendendis
956 1592 1070 1655 contra
1126 1597 1196 1658 sius
1210 1595 1360 1659 ecclesiae
1375 1595 1405 1656 si
1422 1593 1582 1657 canonice
1598 1593 1710 1671 posset
1727 1593 1803 1654 fleri
1827 1607 1915 1653 assu-

273 1685 382 1762 ipsum
392 1685 575 1766 principem
599 1689 689 1751 stare
711 1689 816 1752 libere
839 1689 993 1764 valeatis,
1007 1706 1069 1753 co·
1126 1695 1272 1757 meretur
1291 1693 1327 1755 in
1348 1693 1552 1770 episcopum,
1580 1691 1621 1753 de
1648 1691 1758 1753 cetero
1771 1688 1821 1770 (d)
1853 1704 1912 1750 uon

274 1783 415 1845 ercendo
434 1800 493 1846 vos
512 1801 532 1846 a
555 1786 803 1849 machinatione
829 1787 990 1850 duntaxat
1011 1803 1072 1866 per
1126 1793 1214 1856 esset
1227 1791 1408 1853 canonicus
1425 1790 1462 1850 in
1476 1789 1604 1862 eadem,
1621 1789 1707 1867 quod
1724 1789 1836 1850 utrum
1849 1801 1914 1848 sar-

271 1895 370 1956 quam
387 1880 475 1944 idem
490 1882 644 1963 princeps
659 1884 795 1948 deberat
804 1885 976 1948 laesionem
994 1901 1072 1963 per-
1124 1890 1198 1952 vari
1213 1886 1340 1963 debeat,
1356 1888 1542 1966 praesertim
1561 1903 1661 1966 quum
1676 1902 1719 1948 eu
1733 1886 1798 1948 boc
1813 1883 1914 1960 digni-

271 1992 374 2052 sonae,
387 1979 441 2042 rel
458 1981 512 2043 sui
526 1981 739 2045 amissionem
756 1981 930 2045 incurrere
944 1982 1072 2061 prinoi—
1124 1988 1226 2050 tatem
1243 1986 1419 2062 contigerit
1435 1986 1468 2048 et
1486 1984 1693 2063 episcopales
1710 1982 1838 2046 reditus
1856 1981 1914 2042 mi-

270 2073 378 2151 patus.
394 2076 610 2138 Decernimus
620 2078 725 2154 igitur
733 2094 793 2140 vos
808 2093 868 2156 pro
878 2077 1070 2142 defensione
1125 2085 1250 2158 norari,
1282 2083 1439 2162 praetatus
1475 2081 1650 2160 episcopus
1683 2083 1841 2160 tanquam
1867 2078 1913 2140 vir

266 2171 356 2247 juris
378 2188 438 2234 seu
455 2171 592 2236 honoris
617 2175 767 2238 ecclesiae
782 2189 871 2254 saepe
892 2175 1001 2251 diotae,
1016 2177 1069 2239 vel
1125 2181 1285 2261 providus
1305 2181 1338 2244 at
1360 2180 1523 2243 discretus
1547 2195 1609 2242 nos
1630 2178 1725 2240 duxit
1750 2177 1914 2240 humiliter

273 2268 483 2342 rostri,dicto
493 2272 637 2350 principi
647 2288 748 2352 quum
761 2289 843 2351 opus
855 2274 958 2337 luerit
968 2273 1071 2336 resis-
1125 2277 1356 2342 consulendos.
1372 2277 1441 2339 Nos
1458 2276 1561 2353 igitur
1578 2275 1678 2337 saluti
1693 2277 1767 2352 ejus
1782 2273 1910 2352 paterna

272 2366 381 2430 tentes
402 2367 486 2429 nulli
508 2385 568 2448 per
589 2369 652 2432 boo
681 2371 779 2443 notae,
805 2385 866 2434 seu
893 2371 1070 2434 calumniae
1124 2375 1273 2438 volentes
1290 2373 1513 2437 sollicitudine
1534 2373 1719 2450 providere,
1740 2373 1776 2434 et
1798 2370 1914 2433 nibilo-

274 2462 458 2542 suhjacere.
1125 2473 1236 2536 minus
1259 2472 1477 2544 attendentes,
1502 2471 1589 2550 quod
1609 2471 1836 2548 juramentum
1853 2483 1912 2529 nou

272 2599 428 2660 Aineion,
446 2595 495 2678 (a)
511 2599 545 2662 et
559 2603 702 2664 popm,
725 2597 774 2681 (b)
792 2604 958 2676 episcopis
978 2599 1069 2683 Mo)
1125 2573 1162 2635 ut
1178 2572 1266 2635 esset
1280 2570 1466 2648 iniquitatis
1484 2568 1653 2630 vinculum
1672 2568 1775 2630 suerit
1793 2565 1914 2630 institu-

379 2698 493 2760 aooata
511 2699 631 2761 sanga
656 2699 794 2762 vedast,-
814 2700 969 2763 Aprem·
1124 2669 1206 2744 tum,
1231 2669 1265 2731 et
1288 2668 1374 2746 quod
1396 2683 1462 2729 nou
1474 2666 1677 2744 iuramenta,
1698 2665 1756 2727 sed
1774 2663 1911 2744 perjuria

1125 2767 1235 2846 potius
1258 2767 1336 2828 sunt
1354 2764 1493 2828 dicenda
1517 2779 1591 2842 quaa
1608 2763 1724 2826 contra
1744 2761 1912 2826 utilitatem

567 2832 704 2894 CAPUT
734 2833 776 2894 ῙῙ·
1126 2864 1275 2926 ecclesiae
1297 2863 1511 2935 attentantur,
1534 2860 1615 2924 disc.
1641 2877 1673 2922 v.
1695 2877 1739 2922 iu.
1758 2861 1912 2939 quatenus

257 2963 261 2972 '
312 2961 361 3023 Ad
373 2965 521 3025 nostram
542 2963 703 3026 noveritis
723 2963 928 3026 audientiam
951 2981 1072 3043 perve-
1126 2962 1167 3023 ad
1181 2961 1369 3024 Atrebatem.
1386 2959 1573 3030 ecclesiam,
1591 2958 1814 3036 personaliter
1825 2971 1912 3018 aoce-

273 3059 374 3134 nisse,
406 3060 492 3139 quod
519 3076 620 3139 quum
648 3061 796 3140 episcopi
821 3063 878 3140 qui
908 3077 929 3124 a
961 3063 1070 3142 longis
1125 3059 1283 3132 dentes,a
1299 3057 1469 3120 canonicis
1483 3057 1658 3120 antedictis
1672 3055 1851 3134 requiratis
1861 3069 1912 3114 su·

271 3251 326 3365 3⁰³
343 3237 453 3295 Latiois
466 3237 577 3322 clericis
598 3237 708 3321 ejectis,
727 3237 852 3322 Graecos·
864 3238 1069 3324 introduxerat,
1122 3233 1379 3319 jurisconsultos'io
1391 3233 1457 3317 lege
1471 3233 1505 3292 lt
1520 3231 1607 3291 tabol.
1626 3233 1681 3316 ‚Uti-
1708 3232 1809 3318 nispe
1832 3231 1912 3301 lepos

284 3327 306 3398 'e
328 3324 384 3381 quo
403 3317 585 3384 conqueritur
608 3308 684 3367 idem
706 3309 890 3370 Innocentius
916 3311 1012 3383 Epist.
1040 3313 1069 3386 Ξ,
1123 3312 1171 3390 ait,
1188 3321 1218 3363 iii
1231 3304 1592 3434 l'·Vmolffl¹'⁹l’oi⁴i¹i⁶iii’iesifi‘
1606 3317 1718 3446 ⁸1²1erss
1732 3300 1911 3433 biremem,

272 3383 551 3530 hblaffilib'ltanenst
567 3451 702 3523 episcopo.
726 3451 858 3521 deraldo,
874 3466 925 3510 seu
938 3453 1070 3511 Evuardo
1124 3382 1312 3507 mqutiffia
1324 3391 1547 3522 tigilapsmatos
1559 3418 1662 3517 lopooit
1672 3414 1789 3517 ie’qots
1806 3447 1836 3501 iu
1851 3441 1912 3498 orti

269 3529 304 3586 bb
327 3527 423 3599 epieco
444 3539 471 3594 o,
486 3523 533 3596 qui
549 3522 617 3580 obiit
631 3538 707 3582 anuo
728 3523 811 3592 1223,
834 3523 878 3580 vel
894 3524 1021 3583 Gollrido
1034 3525 1070 3583 de
1124 3536 1152 3578 so
1172 3521 1300 3578 staretur.
1321 3519 1437 3577 Plautus
1458 3517 1488 3574 in
1511 3516 1723 3585 Cosino:Qulo
1733 3517 1830 3645 sotios
1848 3508 1912 3586 qood

272 3602 316 3656 Au
339 3612 367 3664 o,
382 3597 408 3650 (ι’
438 3611 466 3662 o,
483 3593 528 3660 lli,
545 3595 592 3665 qui
607 3595 747 3652 successit
762 3593 893 3651 Geraldo.
1124 3590 1147 3648 t·
1165 3591 1176 3647 t
1197 3591 1320 3662 legatum
1339 3593 1379 3647 est
1399 3587 1549 3659 modium,
1572 3587 1603 3643 td
1618 3603 1713 3670 curor.
1751 3588 1808 3646 nde
1829 3583 1910 3671 recti·

308 3612 348 3737 (ἶ)
373 3663 543 3721 tornacensi
566 3664 702 3734 episcopo.
741 3664 893 3733 Goselino,
921 3665 968 3722 vel
996 3666 1068 3723 Gos·
1147 3661 1201 3718 alia
1223 3669 1252 3718 et
1270 3661 1373 3718 tributa
1389 3663 1528 3717 vocantur
1551 3657 1656 3730 boeto,
1673 3673 1702 3716 in
1725 3657 1745 3717 l.
1770 3659 1910 3722 solonio,

271 3737 339 3792 vino
358 3735 394 3790 50
415 3733 630 3805 episcopo,qui
645 3733 714 3789 vixit
724 3747 758 3789 us
778 3748 814 3790 ue
828 3732 978 3792 adanuuru
988 3736 1069 3806 12¹8,
1125 3675 1240 3806 §mem
1271 3732 1418 3800 Julianus,
1442 3731 1483 3787 De
1516 3731 1571 3784 oct.
1608 3743 1678 3801 emp.
1711 3730 1792 3790 Licet
1824 3733 1910 3787 autem

273 3813 322 3864 aut
336 3803 495 3861 successori
507 3816 560 3859 suo
572 3803 687 3861 valtero
702 3801 738 3859 da
757 3748 872 3873 gloriis,
886 3805 934 3875 qui
947 3804 1020 3862 sedit
1035 3805 1071 3863 ab
1124 3801 1240 3882 omnino
1254 3809 1367 3859 comunt
1382 3808 1495 3874 pactum
1509 3797 1599 3871 ajuro
1612 3802 1757 3882 communi
1770 3800 1910 3862 recedens,

272 3891 348 3933 aiino
361 3875 440 3942 ltld,
451 3887 484 3930 us
505 3887 542 3929 ue
556 3872 592 3929 ad
606 3887 713 3929 annum
728 3871 806 3934 1251.
824 3873 939 3932 laudato
955 3890 971 3932 a
987 3876 1022 3935 v.
1038 3877 1068 3936 G.
1125 3873 1162 3930 ita
1178 3877 1207 3929 et
1218 3871 1429 3954 jusjurandum,
1444 3870 1501 3928 hoo
1514 3878 1611 3927 tamen
1622 3885 1686 3943 Jore
1739 3873 1847 3930 ntilloio
1860 3879 1910 3925 noo

273 3946 424 4005 Guillelmo
435 3941 471 4027 de
486 3886 562 4001 gatel
578 3945 607 3999 ln
627 3943 781 4026 comtibus
794 3945 948 4004 tolosanis.
1124 3943 1245 4024 itaest‚5
1256 3941 1455 4026 jusjurandum
1472 3941 1577 4014 quippe
1592 3949 1688 4027 contra
1725 3959 1798 4026 onos
1813 3953 1909 4005 mortis

310 4015 349 4092 (a)
364 4016 465 4073 Abdoti
487 4015 515 4072 S.
550 4014 672 4073 Vetusi.
699 4014 870 4085 llaimundo,
896 4016 1000 4088 odoni,
1023 4017 1070 4076 vel
1124 4022 1222 4072 contra
1247 4029 1282 4072 us
1297 4021 1392 4085 tencl3
1416 4012 1538 4085 ideoque
1561 4013 1704 4072 Honorius
1724 4029 1752 4072 in
1774 4013 1831 4072 boc
1851 4023 1907 4080 cap.

272 4088 376 4148 loanni
388 4089 424 4156 V,
440 4086 486 4159 qui
498 4085 631 4143 vixerunt
644 4083 697 4142 sub
713 4087 839 4143 Honorio
858 4090 1005 4159 nostro,in
1019 4103 1069 4147 no·
1123 4085 1189 4143 ticet
1200 4093 1228 4142 ta
1240 4099 1256 4142 e
1268 4085 1462 4158 juramentum
1481 4097 1545 4141 esse
1565 4084 1659 4155 potius
1679 4085 1845 4158 periurium,
1862 4091 1910 4138 neo

274 4160 414 4219 bilissimo
453 4159 628 4215 monasterio
650 4157 678 4214 S.
699 4157 825 4227 vedasti,
853 4159 977 4218 civitatis
1003 4162 1071 4218 Are·
1124 4155 1451 4223 servandumdecernat‚
1467 4153 1522 4236 hoc
1535 4152 1604 4212 dicit
1617 4155 1821 4236 dispensative,
1838 4152 1911 4236 utto

272 4232 408 4298 batensis,
430 4227 625 4287 tnndoiianno
639 4227 693 4286 tot
708 4243 723 4286 a
738 4231 765 4287 S.
782 4229 919 4289 ilntberto
934 4232 1070 4306 episcopo
1124 4234 1248 4300 quontur
1268 4225 1395 4298 theologi
1422 4224 1548 4297 practici,
1577 4231 1606 4281 et
1628 4225 1694 4283 ideo
1722 4228 1909 4300 poeniteutiam

273 4301 486 4374 cameracensi,
501 4308 618 4358 auctore
633 4299 955 4360 Baldriooiucbrooiao
971 4303 1067 4360 Gom·
1124 4295 1331 4372 injungendam
1352 4309 1416 4353 esse
1439 4296 1536 4352 statuit
1563 4293 1744 4356 Atrebatansi
1769 4299 1908 4370 episcopo,

272 4375 394 4432 romaici.
1123 4368 1199 4442 quod
1212 4369 1351 4436 similiter,
1364 4373 1393 4424 et
1407 4365 1507 4423 cedem
1518 4372 1619 4423 mente
1641 4365 1677 4424 dc
1698 4367 1851 4428 Fudertino
1863 4379 1908 4422 oa·

307 4449 339 4504 ln
351 4443 476 4516 vulgatis
490 4439 661 4500 editionibus
677 4439 741 4498 loco
758 4439 843 4514 huius
863 4455 927 4512 cap.
941 4441 987 4498 Aa
1002 4456 1066 4498 uos·
1124 4440 1211 4513 pitulo
1225 4439 1322 4517 statuit
1337 4435 1519 4496 innocentius
1534 4437 1622 4503 lll,in
1634 4439 1788 4511 capsael,
1800 4431 1907 4509 l8,eod.

272 4520 360 4584 tram,
403 4515 498 4571 onitur
519 4527 552 4570 oa
576 4555 583 4569 .
605 4512 654 4568 Eo
676 4511 790 4581 litteris,
824 4509 900 4582 quod
927 4511 957 4592 iii
981 4512 1070 4592 tribus
1160 4509 1536 4592 (diblooasset'ooooiai'ous.
1554 4508 1755 4585 Utepiecopus
1772 4513 1810 4571 sit
1828 4519 1907 4567 cano·

275 4587 348 4643 ineis
360 4531 439 4644 btpbs.
455 4583 545 4641 deest.
586 4589 727 4638 ocantem
744 4597 808 4654 cap.
824 4587 989 4654 proponitur
1020 4598 1067 4641 us·
1123 4580 1205 4637 nicus
1226 4595 1254 4636 in
1269 4579 1389 4637 ecclesia
1402 4577 1568 4647 cathedrali,
1585 4593 1643 4636 non
1659 4589 1702 4639 est
1716 4583 1827 4658 dejure
1836 4589 1907 4657 com·

271 4654 425 4736 jurandum
448 4661 531 4725 pacto
551 4652 648 4709 illicito
670 4651 824 4723 adjectum,
847 4649 923 4724 quod
953 4597 1068 4724 quidem
1123 4651 1213 4721 moni,
1229 4648 1279 4707 sed
1290 4651 1411 4723 privato,
1425 4655 1509 4722 prout
1522 4649 1551 4705 in
1566 4650 1679 4708 statutis
1697 4662 1726 4714 et
1740 4652 1905 4713 bindationi·

271 4739 335 4799 pure
349 4725 425 4782 civili
437 4724 542 4781 nullius
556 4729 600 4779 est
614 4725 763 4788 momenti,
777 4723 851 4780 sicut
866 4735 921 4778 nec
938 4729 1067 4797 pastuum
1122 4720 1175 4779 bus
1196 4729 1240 4778 est
1262 4735 1445 4804 expressum:
1461 4718 1583 4800 ideoque
1609 4735 1663 4780 neo
1685 4723 1798 4800 ingredi
1823 4721 1908 4802 potest

272 4795 384 4854 sienim
400 4800 514 4866 pactum
529 4790 701 4874 serrandum
714 4806 772 4850 non
785 4800 839 4862 est,
855 4793 893 4849 ita
912 4795 1065 4868 neoJosju·
1122 4793 1274 4920 ekisoopus
1305 4807 1334 4849 iii
1360 4789 1526 4873 capitulum,
1550 4791 1596 4848 vel
1619 4793 1733 4854 stallum
1758 4793 1907 4854 haberem

272 4866 393 4926 randum
406 4880 413 4921 :
427 4865 648 4944 Pactumeium
661 4865 1067 4946 communireutotumscroora‘
1121 4879 1137 4921 c
1160 4863 1291 4948 ore-‘nisi
1305 4863 1341 4921 stt
1355 4876 1511 4946 canonicus
1522 4876 1534 4946 ³.
1543 4861 1619 4919 unde
1635 4863 1667 4923 tlt
1686 4873 1723 4950 ιιιΙ
1732 4868 1761 4925 in
1774 4865 1908 4946 plerisque

271 4934 664 5086 moestissimi
678 4935 1068 5080 taradastilis
1120 4932 1906 5087 attitiaetlalirttliataatttttarditatis

273 5079 457 5154 generaliter,
466 5075 509 5144 it,
518 5077 560 5132 Da
570 5077 662 5145 postis
669 5089 680 5142 ;
695 5072 744 5131 ubi
756 5089 792 5131 eii
807 5075 948 5132 sententia
968 5078 1066 5134 claris·
1119 5075 1217 5135 dinuo
1230 5077 1335 5142 offlcio,
1353 5081 1427 5130 sicut
1440 5075 1558 5146 quilibet
1578 5075 1651 5134 alius
1665 5079 1830 5148 cononicus,
1844 5074 1907 5132 alias

273 5152 410 5208 simorum
433 5148 558 5205 virorum
588 5143 743 5218 legendum
765 5147 845 5204 aliter
866 5153 964 5204 monet
986 5147 1067 5220 Cuja·
1120 5145 1275 5220 privandus
1293 5149 1321 5202 ct
1335 5143 1551 5228 expungendus.
1569 5145 1630 5216 Quo
1640 5147 1675 5210 tit
1692 5157 1722 5207 ut
1737 5149 1765 5207 iii
1781 5149 1835 5207 hoo
1848 5158 1904 5224 cap:

272 5223 343 5289 clus,
360 5218 471 5276 seruari
485 5218 629 5274 tocomso
649 5220 730 5285 ortet,
746 5217 830 5273 necti
853 5223 900 5288 at;
921 5231 1006 5288 quani
1021 5225 1064 5275 ta·
1120 5217 1284 5291 suppressio
1299 5223 1483 5273 canonicatus
1495 5217 1551 5285 sui,
1571 5217 1768 5278 attrebatensis
1787 5222 1906 5295 episcopi

273 5306 340 5350 meu
356 5303 412 5372 nou
428 5289 606 5372 amplectitur
621 5231 762 5344 Adservot.
779 5230 882 5370 ffijss’·
897 5289 919 5345 l.
936 5289 999 5372 ligo
1009 5289 1067 5360 qui·
1120 5301 1262 5372 consensu
1289 5283 1373 5368 iacta,
1389 5286 1493 5343 nullius
1507 5287 1707 5372 sittmomanti,
1726 5293 1792 5364 quia
1808 5287 1906 5365 reditus

272 5364 455 5433 demCupacii
490 5365 565 5415 artos
579 5371 679 5414 secure
694 5365 784 5427 tueor,
800 5366 872 5415 sicut
889 5361 933 5415 est
953 5373 982 5414 iii
1002 5373 1063 5414 om·
1120 5358 1299 5432 episcopales
1317 5364 1495 5415 minorantur
1519 5374 1526 5415 :
1549 5373 1608 5416 imo
1627 5367 1656 5418 et
1677 5377 1726 5436 pus
1749 5353 1906 5421 conterendi

273 5434 358 5492 uibus
371 5374 582 5503 exemptarum
595 5428 700 5485 Graecis
709 5433 738 5484 et
752 5429 870 5498 Latinis,
880 5429 908 5485 in
920 5428 1063 5500 Bostli'oa's,
1119 5428 1258 5486 beneficia
1276 5427 1350 5500 quod
1374 5428 1510 5501 competit
1535 5429 1668 5490 omnibus
1696 5435 1852 5502 canonicis,
1879 5429 1906 5482 θῑ

273 5513 302 5563 et
317 5503 391 5577 apud
405 5499 659 5573 Harmenopulom,
681 5497 737 5555 boc
753 5497 880 5556 adhibito
894 5500 1063 5573 interpreta-
1119 5513 1206 5557 conse
1226 5505 1326 5556 uenter
1340 5499 1475 5571 episcopo
1494 5502 1644 5572 canonico,
1670 5503 1744 5562 siout
1764 5505 1845 5563 docet
1863 5501 1904 5558 ln·

268 5583 371 5646 mento
383 5573 494 5632 seruari
508 5587 564 5629 ooo
575 5571 692 5640 oportet,
707 5583 756 5627 nac
770 5569 868 5654 lepori,
884 5568 938 5627 boo
952 5577 996 5626 est
1009 5585 1066 5628 ooo
1120 5583 1182 5628 noc.
1201 5515 1253 5641 fil,
1278 5568 1306 5629 in
1326 5584 1389 5643 cap.
1407 5569 1514 5642 penult.
1527 5569 1707 5646 Postulasti's,
1729 5577 1771 5635 lie
1793 5583 1903 5635 conmot-

272 5651 379 5718 oportat
390 5643 511 5710 servor-t,
527 5655 576 5699 aaa
595 5639 718 5712 injungi,
731 5656 780 5698 seii
796 5640 942 5713 imperari.
960 5641 1066 5712 Lepore
1116 5641 1257 5714 praebend.
1545 5671 1550 5678 ·

274 5719 384 5790 quippe,
404 5731 466 5790 pro,
478 5715 641 5782 Deseruere,
652 5717 690 5784 ot,
703 5711 843 5783 imperio-e
853 5710 973 5770 sumitur
989 5710 1065 5784 opud
1094 5751 1109 5786 a
