4066 6294
85 453 117 512 85
581 514 583 518 ,
724 451 832 512 ohne
846 453 1058 514 ROMANUS.
1661 451 1697 512 8d

87 636 136 698 per
154 619 330 698 populum:
346 621 379 684 et
394 621 458 683 hoc
476 620 556 684 lacit
575 619 690 696 tertio,
711 622 860 694 dicendo,
916 621 991 694 catl,
1008 621 1174 695 scrinarii,
1186 619 1488 698 praelectinarales,
1502 617 1614 682 schola
1629 633 1697 682 cru·

88 719 254 792 liupcrm,
275 719 368 779 dedit
386 721 604 792 pauperans,
624 719 765 791 justitio
790 721 863 791 ejus
915 717 1013 789 cium,
1030 719 1062 779 et
1076 717 1237 794 capellani
1251 719 1317 779 tale
1331 715 1569 794 presbyterium
1590 715 1622 776 et
1645 717 1697 775 ta-

89 813 191 873 monct
204 816 241 873 tra
253 818 416 875 accardum
429 817 554 876 saeculi.
915 812 992 874 liter
1007 813 1118 874 datum
1134 813 1309 890 accipiunt,
1326 813 1422 889 quale
1441 813 1476 873 in
1496 813 1549 872 die
1563 811 1698 872 Paschae

118 909 163 968 80.
185 909 245 968 His
258 909 411 985 peractis,
428 908 559 970 ducitur
570 924 629 985 per
642 909 747 986 ipsam
766 909 865 986 porti·
917 909 1069 986 superius
1089 909 1291 970 nominatum
1306 909 1487 984 recipiunt:
1509 907 1698 968 subdiaconi

90 1021 150 1065 cum
172 1003 232 1063 sub
255 1005 370 1066 iconas
394 1009 582 1066 sanctorum
604 1005 694 1066 Petri
713 1007 746 1067 et
768 1004 863 1066 Pauli
917 1006 1024 1067 autem
1044 1006 1166 1088 singuli
1185 1004 1331 1080 singulos
1351 1004 1553 1081 melequinos
1568 1004 1699 1076 habent,

91 1100 308 1176 apostolorum,
332 1116 404 1176 quae
419 1116 478 1177 per
497 1117 589 1161 mare
607 1104 744 1162 Romam
758 1116 863 1162 vene·
917 1101 1001 1176 quod
1015 1102 1125 1162 tamen
1148 1117 1213 1162 non
1233 1101 1269 1162 fit
1287 1101 1322 1160 in
1341 1100 1452 1178 aliqua
1471 1101 1700 1177 praedictarum

91 1195 251 1257 runtnullo
261 1195 408 1268 ductore,
420 1196 454 1257 et
462 1197 563 1257 intrat
572 1196 744 1258 basilicam
759 1196 863 1258 sancti
917 1197 1182 1259 sollemnitatum.
1203 1199 1276 1259 Non
1298 1197 1417 1258 dantur
1436 1197 1523 1257 enim
1543 1197 1603 1270 eis,
1618 1197 1700 1258 sicut

93 1291 264 1353 Laurentii:
281 1292 317 1352 in
331 1307 396 1368 qua
409 1293 580 1368 postquam
599 1293 764 1368 peregerit
782 1307 863 1369 pro·
918 1291 1037 1353 ibidem
1065 1293 1221 1370 scriptum
1244 1293 1374 1370 plenius
1395 1293 1577 1366 invenitur,
1603 1294 1701 1354 etiam

93 1389 180 1447 lixam
193 1387 267 1448 ante
281 1387 451 1464 proprium
467 1387 500 1447 et
512 1387 655 1464 speciale
668 1387 772 1449 altare
794 1402 866 1448 ora·
918 1388 947 1448 si
958 1390 997 1448 30
1008 1389 1060 1450 uel
1075 1390 1215 1465 amplius
1235 1399 1345 1450 essent
1357 1391 1395 1450 12
1409 1389 1595 1450 melechini.
1617 1390 1702 1450 Uni-

92 1485 209 1556 tionem,
230 1483 339 1560 pergit
361 1482 402 1542 ad
423 1481 574 1560 papalem
598 1499 783 1544 cameram:
809 1481 865 1542 ubi
917 1499 1022 1546 versae
1037 1485 1135 1546 etiam
1150 1485 1271 1546 scholae
1287 1486 1414 1562 palatii,
1431 1485 1561 1546 clericis
1583 1489 1702 1548 Roma-

93 1596 156 1640 cum
184 1594 242 1640 sua
270 1578 439 1641 voluntate
469 1579 670 1656 pausaverit,
705 1579 796 1640 vadit
823 1578 884 1666 ad
919 1580 970 1640 nis
985 1595 1043 1656 pro
1059 1581 1248 1654 thuribulis,
1264 1582 1388 1644 Judaeis
1402 1597 1461 1658 pro
1481 1583 1702 1658 repraesenta-

93 1691 236 1738 meusam.
918 1675 1007 1737 tione
1027 1677 1121 1752 legia,
1148 1678 1242 1739 laicis
1265 1679 1422 1740 Romanis
1444 1693 1503 1755 pro
1525 1695 1616 1750 arcu,
1640 1675 1703 1739 tale

128 1774 170 1832 81.
189 1771 267 1833 Post
284 1771 356 1834 baec
375 1773 483 1835 autem
504 1772 540 1835 in
561 1773 711 1850 proxima
732 1773 784 1835 die
800 1775 867 1834 Do-
919 1772 1156 1850 presbyterium
1171 1775 1277 1846 datur,
1294 1774 1327 1835 et
1346 1774 1469 1845 taliter,
1492 1775 1587 1850 quale
1610 1773 1703 1836 datur

94 1869 201 1928 mirica
212 1867 336 1929 electus
349 1884 422 1930 cum
433 1870 583 1930 omnibus
597 1869 766 1932 ordinibus
779 1869 866 1929 sacri
919 1869 954 1929 in
973 1869 1238 1932 coronationibus
1257 1870 1333 1930 aliis
1356 1870 1480 1930 domini
1498 1873 1607 1946 Papae.
1626 1871 1703 1930 Pin-

92 1965 195 2042 palatii
205 1966 237 2024 et
248 1964 414 2026 nobilibus
426 1967 583 2026 Romanis
597 1965 687 2026 uadit
699 1966 739 2026 ad
755 1965 865 2026 eccle·
919 1980 1018 2025 cerna
1032 1965 1169 2042 insuper
1182 1966 1215 2027 et
1235 1966 1449 2027 marescallus
1464 1968 1530 2028 tam
1548 1966 1587 2026 de
1603 1981 1704 2027 come·

94 2061 166 2120 siam
178 2060 263 2121 beati
277 2060 368 2120 Petri
384 2077 391 2115 :
409 2060 464 2120 ubi
476 2059 517 2120 ad
528 2060 631 2122 altare
644 2063 761 2138 majus,
772 2060 868 2136 prout
920 2061 1036 2133 stione,
1051 2078 1147 2139 quam
1163 2062 1202 2122 de
1212 2063 1288 2123 aliis
1299 2062 1444 2122 donariis
1454 2063 1705 2122 remunerantur

94 2157 124 2216 iu
142 2157 255 2217 Ordine
275 2155 470 2226 continetur,
487 2155 528 2216 ab
548 2156 700 2232 episcopo
724 2155 867 2217 Ostiensi
920 2157 1089 2229 similiter,
1119 2159 1254 2235 excepto
1286 2158 1371 2235 quod
1401 2158 1509 2234 capita
1534 2173 1705 2233 porcorum

94 2253 267 2328 specialiter
281 2253 313 2313 et
327 2251 403 2312 aliis
417 2251 579 2328 episcopis
595 2252 634 2312 de
648 2252 741 2312 curia
755 2267 867 2313 conse·
921 2255 1029 2330 aptata
1044 2271 1110 2315 non
1124 2255 1257 2326 habent,
1279 2270 1385 2332 neque
1402 2254 1571 2315 claretum.
1593 2255 1706 2314 Fami-

95 2351 202 2419 cratur,
218 2349 281 2409 hoc
295 2347 417 2420 addito,
436 2347 522 2424 quod
540 2347 568 2406 si
587 2347 671 2408 forte
693 2349 867 2425 episcopus
921 2350 966 2410 lia
981 2365 1109 2428 quoque
1125 2353 1158 2413 et
1169 2351 1311 2412 curiales
1327 2350 1567 2428 presbyterium
1587 2348 1709 2412 habent·

95 2445 239 2505 Ostiensis
253 2460 400 2522 praesens
414 2459 480 2505 non
495 2443 613 2515 luerit,
630 2445 867 2521 archipresby·
917 2447 1007 2523 justa
1022 2448 1198 2508 camerarii
1212 2447 1427 2509 voluntatem.

94 2542 304 2602 terOstiensis
319 2556 378 2601 seu
393 2541 579 2602 Veliternus
600 2541 760 2602 interesse
773 2540 869 2602 debet
960 2543 1009 2603 83.
1033 2545 1168 2605 sivero
1191 2543 1307 2606 electio
1332 2543 1419 2605 lacta
1441 2543 1546 2605 estin
1569 2543 1707 2604 ecclesia

95 2638 330 2699 consecrationi.
367 2639 437 2708 Qua
470 2637 717 2698 consecratione
754 2637 865 2708 finita,
922 2638 1034 2699 Sancti
1059 2641 1161 2712 Petri,
1188 2641 1261 2716 post
1293 2640 1550 2701 nominationem
1580 2639 1708 2700 ducitur

95 2736 174 2811 prior
196 2733 301 2795 sancti
329 2733 499 2794 Laurentii
524 2733 610 2794 sacri
633 2733 749 2810 palatii
777 2734 869 2810 ponit
921 2735 1044 2796 electus
1062 2750 1082 2795 a
1099 2734 1226 2796 duobus
1246 2735 1470 2796 cardinalibus
1490 2735 1651 2796 cautando
1667 2739 1709 2795 Te

95 2831 222 2906 palleum
243 2845 344 2907 super
358 2829 472 2901 altare,
489 2830 574 2906 quod
595 2830 665 2906 ipse
680 2830 772 2906 prior
786 2845 868 2906 pro·
920 2834 1030 2892 Deam
1046 2835 1226 2893 laedamus
1243 2831 1284 2892 ad
1305 2832 1430 2893 altare:
1454 2831 1509 2891 ubi
1528 2831 1710 2908 prostratus

95 2928 157 3003 pria
171 2943 266 2988 manu
279 2926 376 2988 debet
386 2942 503 3002 parare
516 2949 523 2986 :
538 2926 570 2988 et
582 2927 692 2988 statim
706 2926 869 2987 archidia·
922 2929 1092 3005 postquam
1114 2929 1311 3000 adoraverit,
1337 2929 1470 3005 ponitur
1488 2927 1523 2987 in
1543 2926 1619 2988 sede
1639 2925 1710 3002 post

96 3039 184 3084 conus
204 3040 278 3085 cum
300 3023 443 3084 secundo
457 3023 596 3084 diacono
616 3022 694 3084 dant
715 3023 750 3083 in
769 3039 869 3083 manu
923 3025 1037 3096 altare,
1052 3027 1084 3086 et
1095 3025 1141 3084 ibi
1154 3025 1324 3102 episcopos
1335 3027 1368 3086 et
1377 3023 1574 3096 cardinales,
1586 3024 1618 3085 et
1630 3038 1711 3100 quos

96 3120 260 3192 Pontificis,
275 3121 308 3181 et
322 3119 411 3180 solus
424 3119 677 3180 archidiaconus
693 3119 772 3180 dicit
787 3122 870 3180 Pon·
923 3123 986 3184 sibi
1005 3122 1175 3199 placuerit,
1196 3122 1314 3199 recipit
1338 3123 1379 3183 ad
1403 3123 1503 3198 pedes
1523 3122 1555 3183 et
1573 3121 1711 3198 postmo-

95 3217 182 3276 tifici:
195 3220 317 3290 Accipe
323 3221 480 3290 paucum,
489 3217 736 3290 erassitudinem
745 3218 870 3277 scillcet
923 3219 999 3279 dum
1013 3219 1055 3279 ad
1069 3218 1182 3280 oscula
1197 3219 1299 3296 pacis.
1314 3221 1353 3280 Et
1364 3219 1516 3296 proxima
1531 3217 1583 3279 die
1596 3217 1711 3278 Domi-

93 3315 408 3386 poatiytcoliscsttctt,
422 3316 639 3374 odhonorem
663 3313 871 3387 omnipoten-
923 3317 997 3376 uica
1019 3315 1167 3392 sequenti
1189 3315 1402 3376 consecratur
1425 3314 1559 3386 ibidem,
1581 3313 1712 3374 cantata

97 3411 135 3470 tis
144 3411 512 3486 buetpmmostssoace
528 3411 677 3485 herponis
689 3411 871 3484 muscent-
924 3412 1023 3472 missa
1043 3427 1117 3471 curn
1139 3411 1414 3471 sollemnitatibus
1437 3411 1590 3488 superius
1612 3409 1712 3469 nomi·

97 3506 192 3577 trau,
211 3507 245 3568 ct
266 3506 442 3568 beatorum
464 3506 694 3580 apostotorum
718 3506 819 3566 Petri
837 3505 871 3566 ct
924 3509 1029 3568 natis:
1050 3508 1083 3567 et
1097 3507 1272 3568 coronatus
1293 3507 1469 3567 revertitur
1483 3506 1525 3567 ad
1542 3505 1711 3581 palatium,

95 3591 186 3663 Porcii
195 3604 228 3663 et
239 3603 368 3663 soractae
382 3606 545 3663 Romame
557 3605 705 3663 ecclesiae
713 3617 725 3673 ,·
741 3600 773 3661 et
787 3600 869 3660 nihil
924 3605 1018 3665 sactis
1032 3603 1183 3664 omnibus
1193 3603 1280 3674 aliis,
1293 3603 1378 3663 sicut
1389 3603 1439 3663 est
1454 3601 1605 3678 superius
1620 3615 1711 3660 enar-

96 3697 185 3758 aliud.
213 3699 394 3774 Statimque
417 3697 488 3775 ipse
515 3698 768 3758 archidiaconus
797 3712 870 3758 cum
924 3702 1041 3772 ratum,
1056 3716 1115 3777 per
1129 3699 1288 3760 ordinem.
1305 3700 1488 3776 Antequam
1502 3697 1713 3774 intratpala-

97 3795 194 3869 priore
206 3793 395 3855 basilicario
411 3793 501 3870 aptat
514 3794 601 3854 idem
615 3793 758 3870 palleum
773 3809 872 3870 super
924 3799 1020 3868 tium,
1057 3795 1225 3858 descendit
1258 3797 1299 3857 ad
1334 3797 1445 3857 sedem
1479 3797 1711 3856 stercoratam:

98 3891 295 3966 Pontificem3
321 3891 354 3952 et
376 3890 575 3952 intromissis
596 3890 736 3967 spinulis
760 3891 871 3950 aureis
924 3895 1034 3971 ibique
1056 3893 1184 3965 sedens,
1210 3893 1307 3970 prout
1328 3893 1430 3953 moris
1453 3893 1512 3964 est,
1538 3891 1715 3954 olfaciens

97 3985 190 4048 tribus
210 3987 297 4059 ante,
318 3987 352 4049 et
370 3988 469 4059 retro,
492 3987 525 4049 et
547 3986 682 4048 sinistro
701 3986 815 4059 latere,
836 3985 871 4047 in
921 3992 1046 4069 jactum
1064 3991 1115 4051 ter
1133 3989 1343 4067 replicatum,
1363 3990 1448 4052 sicut
1472 3989 1623 4066 superius
1645 3989 1714 4049 dic·

99 4085 192 4160 capite
210 4100 348 4160 quarum
372 4083 447 4144 sunt
467 4083 576 4144 innixi
599 4083 666 4144 tres
687 4083 872 4160 hyacintini
926 4089 994 4148 tum
1006 4087 1065 4158 est,
1082 4086 1243 4162 accipitur
1257 4103 1277 4146 a
1292 4086 1525 4157 cardinalibus,
1540 4087 1572 4145 et
1586 4085 1715 4145 ducitur

98 4178 230 4256 lapides:
246 4181 280 4242 et
300 4181 348 4241 sic
367 4181 503 4242 ornatus
522 4179 649 4241 accedit
662 4179 816 4241 Pontifex
831 4179 871 4239 ad
926 4199 985 4260 per
1004 4183 1165 4260 porticum
1187 4183 1292 4258 ipsam
1313 4182 1354 4241 ad
1374 4182 1548 4242 ecclesiam
1569 4180 1715 4241 basilicae

100 4277 202 4349 altare,
216 4281 248 4339 et
261 4277 307 4338 ibi
321 4276 466 4338 celebrat
478 4276 659 4338 honorilice
673 4276 819 4336 missam.
834 4275 874 4337 ut
927 4278 1175 4341 Lateranensis:
1192 4279 1224 4337 et
1242 4277 1423 4337 ascendens
1439 4277 1549 4336 sedem
1571 4276 1645 4352 post
1665 4275 1715 4336 al·

100 4374 263 4434 noandum
278 4374 364 4450 quod
376 4372 490 4434 laudes
501 4371 541 4434 ab
553 4372 786 4433 archidiacono
798 4388 873 4433 cum
926 4376 1008 4447 tare,
1024 4373 1141 4450 recipit
1153 4373 1329 4434 canonicos
1344 4371 1490 4449 ejusdem
1507 4371 1656 4432 ecclesiae
1674 4371 1715 4431 ad

101 4469 309 4530 cardinalibus
334 4470 367 4531 et
393 4468 603 4530 subdiaconis
628 4468 662 4530 et
683 4468 872 4540 scrinariis,
927 4472 1037 4550 pedes,
1066 4471 1099 4531 et
1126 4469 1243 4531 deinde
1265 4470 1307 4530 ad
1335 4469 1483 4529 osculum
1511 4469 1613 4544 pacis.
1647 4470 1716 4539 Quo

101 4566 330 4640 epistolalatina
361 4582 435 4627 cum
459 4581 579 4642 graeca,
611 4566 644 4629 et
667 4564 875 4641 evangelium
927 4570 1028 4640 sacto,
1050 4567 1156 4644 pergit
1171 4567 1213 4627 ad
1235 4565 1394 4642 palatium
1414 4580 1517 4640 usque
1541 4564 1582 4624 ad
1607 4565 1718 4624 sedem

103 4659 225 4723 latinum
240 4680 314 4724 cum
329 4679 447 4740 praeco,
469 4663 502 4724 et
519 4678 632 4724 omnes
646 4662 722 4723 aliae
737 4663 874 4723 sallem·
929 4665 1034 4728 sancti
1047 4663 1215 4736 Silvestri3
1232 4661 1342 4738 ibique
1358 4660 1459 4732 sedet,
1472 4661 1504 4722 et
1516 4659 1595 4722 iacit
1607 4661 1718 4724 omnia

103 4758 208 4820 mtates
230 4761 308 4821 tunc
338 4759 431 4832 liunt,
453 4759 539 4821 sicut
562 4759 597 4822 iu
620 4758 705 4820 feria
731 4758 875 4820 secunda
928 4761 1091 4824 ineodem
1107 4759 1178 4819 loco
1194 4759 1227 4818 et
1245 4757 1403 4830 inantea,
1428 4757 1514 4817 sicut
1528 4756 1650 4818 dictum
1669 4759 1719 4818 est

103 4857 164 4928 post
176 4856 316 4916 Pascha.
929 4856 1091 4935 superius,
1106 4854 1266 4916 ordinate.

134 4953 178 5012 82.
199 4952 302 5012 hlissa
324 4953 432 5013 autem
449 4951 624 5023 celebrata,
644 4952 821 5024 revertitur
835 4951 876 5016 ad
968 4956 1017 5014 84.
1042 4951 1076 5012 Si
1091 4951 1200 5013 autem
1220 4951 1314 5012 extra
1331 4951 1445 5012 urbem
1465 4951 1564 5013 luerit
1582 4951 1716 5034 electus,

105 5047 247 5120 palatium
263 5047 439 5108 coronatus
448 5063 528 5108 cum
542 5047 751 5123 processione
763 5049 796 5110 et
810 5049 876 5110 ho·
930 5051 963 5112 et
976 5064 1042 5111 non
1060 5047 1291 5123 consecratus3
1308 5049 1418 5109 omnia
1435 5048 1516 5109 liunt
1530 5047 1644 5108 ordine
1657 5063 1718 5108 su-

105 5158 172 5206 uore
190 5161 338 5215 arcuum,
360 5142 651 5219 repraesentatione
672 5143 755 5220 legis
774 5161 794 5205 a
812 5148 876 5208 Ju·
930 5147 1088 5224 predicte,
1105 5145 1175 5206 sive
1195 5144 1252 5205 liat
1266 5144 1443 5205 descensus
1463 5145 1496 5205 et
1516 5144 1719 5205 consecratio

106 5237 182 5313 dreis,
201 5243 235 5303 et
251 5239 495 5302 thuribulorum
519 5255 539 5298 a
558 5239 688 5300 clericis
707 5243 876 5314 Romanis,
931 5242 1077 5321 ejusdem
1092 5241 1188 5303 electi
1209 5241 1243 5300 in
1261 5240 1400 5302 ecclesia
1416 5239 1520 5300 sancti
1536 5239 1636 5311 Petri,
1661 5256 1720 5301 seu

106 5337 278 5412 etjactibus
295 5335 442 5406 totidem,
458 5335 491 5397 et
507 5335 599 5396 tanta
613 5337 794 5412 quantitate
809 5337 880 5400 lao-
931 5341 965 5401 in
990 5338 1130 5401 ecclesia
1148 5337 1363 5399 Lateranensi
1386 5336 1472 5396 idem
1496 5334 1618 5398 electus
1640 5337 1721 5399 des-

106 5429 151 5503 tis,
178 5434 262 5495 sicut
284 5433 320 5492 in
341 5432 499 5509 praedicta
527 5433 669 5493 secunda
696 5433 779 5495 seria
806 5437 880 5512 post
932 5435 1059 5498 cendat.
1074 5434 1165 5505 Quod
1177 5433 1207 5492 si
1221 5433 1344 5493 electus
1355 5431 1388 5493 et
1400 5434 1609 5494 consecratus
1622 5433 1722 5496 luerit

108 5527 232 5589 Pascha.
250 5527 491 5604 sciendumque
505 5528 588 5604 quod
604 5528 790 5590 cardinales
809 5546 880 5592 om·
933 5533 1026 5595 extra
1038 5530 1162 5601 urbem,
1180 5528 1214 5590 et
1231 5531 1353 5606 aperta
1369 5530 1581 5591 Lateranensi
1594 5529 1722 5592 venerit

110 5636 156 5683 nas
175 5623 285 5700 graeci,
312 5623 518 5700 primicerius
541 5637 615 5684 cum
636 5624 750 5686 schola
772 5629 880 5690 canto
933 5628 974 5690 ad
990 5626 1124 5701 Urbem;
1140 5640 1253 5687 omnes
1268 5625 1408 5687 Romani
1422 5626 1535 5687 clerici
1544 5627 1722 5689 occurrunt

111 5733 171 5780 mm
186 5720 369 5798 praelectus,
391 5721 570 5792 senatores,
582 5720 713 5797 judices
727 5722 761 5784 et
774 5722 879 5787 aduo—
933 5725 966 5790 ei
979 5725 1073 5786 extra
1092 5721 1205 5785 urbem
1222 5721 1339 5796 induti,
1354 5739 1428 5785 cum
1440 5720 1591 5786 crucibus
1606 5721 1640 5785 et
1649 5721 1722 5789 dlu-
