4066 6294
693 307 1039 392 onnononunns'.
1626 321 1674 396 'aa

889 491 1067 564 iipniiatis
1076 473 1239 560 cormedus
1250 493 1419 576 effectum,
1430 503 1469 567 ut
1480 476 1672 570 inaniis·

382 582 507 664 oratio,
885 585 1053 660 positione
1063 591 1296 655 corisiitutoab
1304 602 1490 672 rependam
1499 605 1673 666 ecclesiam

889 680 984 744 tuam
995 685 1150 748 sanctam
1163 691 1246 751 ninii
1257 695 1289 752 ei
1300 696 1489 766 praesentia
1509 699 1670 772 officiant,

94 765 228 825 oasin
238 765 338 836 cidus
348 778 455 824 manu
470 763 574 825 wida
593 761 675 824 suni
691 762 832 836 lienum,
886 777 1072 854 minioque
1091 797 1161 844 non
1180 786 1344 850 obsistant
1364 805 1376 848 :
1397 793 1457 852 sed
1481 795 1674 868 inspirante

65 863 173 920 incana
183 862 229 920 ad
236 873 361 934 preces
370 859 573 922 humititatis
586 857 715 942 nostrie
731 867 835 916 aures
886 883 1004 945 Sami
1023 887 1175 961 Spiritu,
1195 892 1291 962 dono,
1302 897 1464 967 populum
1483 900 1548 960 sibi
1558 902 1673 962 subm,

65 957 297 1016 mtsirtcordi'oe
320 955 399 1026 Μ’,
424 955 458 1016 ei
483 954 694 1028 Impetum
717 951 835 1013 ΜΝ)
888 977 961 1042 tum
971 986 1220 1056 acquainstitioe
1228 989 1406 1051 libramine
1415 1006 1537 1068 repere
1549 996 1671 1069 uatem,

64 1055 99 1112 N·
111 1054 233 1123 tammo
246 1051 464 1126 &mitidum
476 1050 687 1124 ‘mamm
698 1050 836 1122 ΝΜ
887 1078 922 1141 et
941 1079 978 1139 in
997 1083 1151 1143 omnibns
1169 1087 1327 1157 operibns
1344 1088 1417 1148 suis
1436 1087 1469 1148 te
1480 1103 1616 1165 semper
1628 1093 1674 1154 ii-

66 1146 172 1206 tim-ui
184 1146 372 1207 danim&
384 1145 546 1219 ‘mm
557 1147 716 1216 consitiis,
730 1143 764 1205 ⁶2
776 1144 836 1206 ⁶²⁰²
886 1176 991 1248 meat,
1014 1177 1074 1237 tibi
1086 1179 1223 1254 jupiter
1240 1184 1673 1254 pncereconiencai.1>er

975 1275 1082 1346 inum,
1096 1273 1157 1335 etc.
1180 1275 1335 1351 Sequitur
1355 1276 1421 1339 alia
1443 1279 1559 1350 oratio,
1580 1285 1673 1345 Deris

886 1371 951 1430 Dei
970 1369 1060 1442 fitius
1078 1372 1352 1435 iesus-cbristus
1366 1377 1533 1438 Dominus
1543 1380 1671 1452 noster,

887 1467 1098 1538 quiaPatre
1110 1472 1179 1530 oteo
1191 1470 1413 1532 invitationis
1432 1473 1602 1535 accinctus
1622 1474 1673 1536 est

883 1575 962 1635 prce
971 1563 1194 1638 participibus
1205 1567 1287 1636 suis,
1301 1567 1450 1642 ipseper
1467 1571 1675 1644 praesentem

836 1705 838 1709 ,
887 1659 979 1719 saort
990 1661 1179 1734 unpiminis
1190 1663 1392 1735 effusionem
1404 1665 1554 1738 Spiritus
1564 1682 1675 1740 para-

886 1754 957 1814 citti
980 1767 1086 1829 super
1104 1757 1207 1831 caput
1228 1757 1325 1819 taum
1343 1761 1501 1834 inscindat
1522 1765 1673 1838 benedic-

379 1857 506 1922 0r0p0‚
888 1850 1026 1922 tionem,
1043 1855 1197 1914 eamdem
1208 1867 1314 1926 usqm
1325 1857 1370 1915 ad
1381 1857 1551 1919 interiora
1561 1861 1674 1920 corais

888 1945 939 2007 tui
947 1948 1133 2021 penetrare
1143 1950 1272 2023 saciat:
1286 1952 1454 2024 quatenns
1473 1957 1533 2015 troc
1550 1955 1674 2017 nisibiti

99 2039 702 2112 Dasinenarrabitiscuctormundi
717 2039 834 2100 condi-
886 2041 921 2103 et
942 2043 1110 2106 tractabili
1128 2048 1214 2106 dono
1237 2048 1403 2108 invisibile
1422 2051 1613 2123 percipere,
1638 2052 1673 2113 ei

70 2135 112 2194 tor
127 2138 257 2210 pencris
276 2137 432 2208 humani,
453 2137 662 2212 pubemiator
682 2136 831 2208 imperii,
887 2137 1066 2212 temporati
1086 2153 1193 2218 repno
1205 2142 1314 2213 justis
1329 2144 1605 2206 miserationibus
1616 2161 1675 2208 as-

69 2231 266 2302 confirmator
291 2233 404 2307 ceput,
428 2233 486 2305 qui
518 2246 564 2294 ec
595 2233 695 2294 utero
726 2233 834 2304 ridetis
886 2235 1000 2296 secuto
1017 2235 1230 2298 aeternaliter
1249 2251 1327 2299 cum
1346 2251 1674 2315 eorepnaremere-

69 2329 151 2386 anari
162 2328 209 2388 tui
217 2327 433 2401 patriarcnae
443 2328 556 2389 nostri
565 2329 712 2389 Abrabae
719 2342 835 2401 proee-
886 2333 971 2403 aris,
985 2334 1144 2405 quisoius
1159 2335 1235 2394 sine
1249 2336 1388 2408 peccato
1408 2335 1493 2396 oiott
1505 2337 1539 2398 ct
1550 2339 1675 2415 repnat

69 2423 158 2496 unisti
174 2425 303 2498 Repem
321 2426 454 2484 soecuiis
471 2423 617 2497 iniuria
630 2422 668 2483 tu
677 2437 835 2497 prasen-
886 2439 964 2486 cnm
975 2429 1047 2488 Deo
1058 2429 1170 2490 Patre
1181 2431 1218 2489 in
1231 2431 1364 2492 unitate
1375 2432 1536 2505 Spiritus,
1551 2433 1612 2494 etc.

71 2519 123 2579 tarn
141 2521 261 2594 Repem
285 2522 376 2580 bunc
397 2533 475 2580 eum
503 2520 659 2580 exercitu
682 2533 744 2580 suo
767 2534 834 2594 per
925 2523 974 2582 91.
997 2525 1133 2584 Domum
1145 2539 1224 2586 vero
1237 2525 1391 2587 Pontifex
1407 2529 1574 2589 Romanus
1593 2545 1672 2590 sur-

70 2615 333 2675 intcracniionem
353 2615 507 2676 omnium
528 2615 734 2676 Sanctorum
758 2615 834 2676 tuo-
886 2633 959 2678 sum
971 2618 1075 2679 altare
1084 2619 1223 2695 imponit
1234 2621 1265 2681 ei
1278 2620 1440 2690 diadema,
1450 2623 1486 2685 in
1494 2639 1532 2685 eo
1541 2624 1671 2686 dicens:

70 2724 133 2768 ram
153 2712 245 2771 uberi
278 2711 509 2772 benedictione
535 2711 708 2784 locupleta,
740 2709 775 2771 et
796 2713 833 2772 in
885 2716 1006 2787 Accipe
1017 2717 1154 2789 siqnum
1170 2719 1299 2791 picria,
1322 2720 1359 2778 in
1379 2722 1516 2781 nomine
1538 2721 1670 2794 Patris,

71 2805 164 2876 [dium
183 2809 285 2881 repni
316 2807 421 2878 tirma
451 2806 634 2868 stabititate
662 2807 830 2867 connecte.
886 2808 1020 2879 etFitii
1035 2809 1377 2883 etSpiritus-Suncti,
1390 2813 1429 2873 ut
1443 2813 1560 2888 spreto
1579 2817 1673 2877 anti-

75 2901 159 2962 i'isita
179 2915 267 2974 eum,
296 2901 386 2963 sicin
407 2903 549 2976 Moysen
572 2905 610 2964 in
631 2903 726 2973 inibo,
750 2903 833 2962 Jesu
885 2918 950 2978 qno
972 2904 1076 2978 noste,
1101 2907 1294 2980 spretisque
1317 2907 1483 2984 contaqiis
1507 2911 1672 2974 citiorum

72 2999 331 3072 b'aceinproeiio,
343 3001 477 3060 Gedeon
488 3001 631 3074 inapro,
641 3000 832 3060 Samuelem
886 3004 1048 3074 omnium,
1062 3004 1286 3074 siciuoicium
1299 3004 1518 3076 etiustiticm
1539 3007 1670 3083 aitipas,

71 3093 223 3168 intempto,
236 3095 273 3156 ei
290 3097 339 3156 itti
357 3107 437 3155 eum
457 3095 683 3155 bombiciione
686 3137 770 3154 .......
792 3109 833 3156 ac
885 3097 919 3159 ct
930 3098 979 3158 ita
990 3100 1262 3160 misericorditer
1272 3101 1381 3172 otras,
1402 3099 1442 3160 nt
1461 3103 1503 3161 ab
1519 3104 1591 3176 ipso
1602 3107 1673 3165 Do-

72 3191 220 3260 sapienia
232 3191 304 3251 tam
311 3191 493 3264 perfunde,
507 3203 609 3263 quam
630 3191 747 3251 mains
760 3193 833 3252 θα,
884 3193 978 3254 mino
1009 3192 1127 3255 nostro
1157 3195 1393 3258 iem-Ciristo
1430 3197 1467 3257 in
1502 3201 1672 3263 cmsoriio

72 3285 114 3341 rid
129 3287 161 3345 in
178 3286 388 3360 psaitetcmo,
413 3287 571 3347 Salomon
590 3287 680 3358 fitius
702 3289 777 3358 ejus
799 3287 832 3347 ie
884 3291 1084 3352 sanctornm
1106 3291 1230 3352 aeterni
1251 3294 1352 3366 repni
1374 3305 1537 3353 coronam
1556 3300 1672 3368 perci-

71 3381 263 3443 rcnuatiante
282 3382 438 3456 percepit
456 3395 474 3442 e
494 3386 585 3444 coeto.
600 3383 656 3444 Sis
669 3383 832 3443 etcontra
882 3399 967 3461 pere
986 3388 1166 3447 merearis.
1189 3389 1252 3454 Qui
1274 3401 1352 3450 crim
1371 3387 1481 3451 Patre
1499 3389 1534 3450 et
1552 3393 1670 3455 sancto

71 3477 365 3539 aciesinimicorum
376 3480 494 3549 iorica,
508 3481 545 3538 in
556 3479 712 3539 aduersis
722 3483 829 3554 pateo,
885 3481 1018 3557 spirim
1029 3482 1125 3553 cinit,
1139 3480 1201 3542 etc.

71 3571 98 3628 in
115 3577 280 3647 prosperis
283 3615 368 3633 .......
399 3575 437 3634 in
461 3574 671 3648 protectione
698 3579 832 3647 clupeus

72 3669 284 3740 sempiternus.
296 3669 552 3731 Prasiantitti
563 3670 681 3744 pentes
693 3668 831 3731 teneant
924 3719 976 3781 IN
1002 3718 1215 3788 CHRISTI
1243 3717 1446 3782 NOMINE
1474 3661 1627 3785 AdeN.

72 3761 158 3834 fidei,
177 3779 339 3838 proceres
360 3767 416 3826 sui
437 3765 582 3826 babeant
601 3779 732 3839 pacem,
754 3768 832 3827 diii-

73 3859 134 3929 9⁰²²²
143 3861 329 3932 ‘Mitem’
344 3861 537 3921 amineam
548 3875 585 3921 ⁸⁶
597 3875 620 3921 a
633 3863 828 3935 mmmm&
882 3882 1398 3964 annun(a)nnconnnr1on1s,nn
1415 3864 1669 3954 consecramur

73 3955 829 4028 immaturiustitiam,cristodiantoeritciem:

73 4048 355 4125 efflapmmuw
357 4092 429 4112 ······
441 4051 583 4113 mamus
603 4053 829 4114 benedictione
932 4019 1054 4080 aitaris
1076 4016 1187 4077 sancii
1214 4015 1415 4087 ducatoris,
1440 4020 1520 4090 quid
1542 4021 1668 4084 sciticet

74 4144 247 4208 cicuitum
280 4146 315 4208 et
346 4159 484 4220 semper
512 4147 676 4207 maneant
711 4149 827 4222 tripu-
920 4121 1669 4195 mmejmdemeoewmrvmfflmm

74 4241 223 4304 &antesin
239 4257 328 4319 pao&
347 4243 505 4314 victores,
527 4245 615 4316 quod
626 4244 699 4318 ipse
711 4259 827 4318 ρης.
920 4223 1099 4297 competat,
1117 4221 1349 4285 (lemmate
1359 4225 1484 4285 δθῑὶῑθθί
1494 4228 1667 4301 emimo-

75 4333 301 4414 aroannam.
919 4343 1011 4390 iiiiii·

101 4431 141 4490 90.
159 4435 278 4497 Deinde
288 4435 379 4500 vadit
390 4436 466 4498 anie
486 4435 723 4498 confusionem
740 4433 828 4500 beati

76 4523 142 4586 Petri
157 4531 302 4606 apostoli,
323 4532 357 4594 et
374 4532 560 4608 prosternat
577 4547 614 4593 se
630 4547 769 4608 pronum
792 4533 828 4593 in
921 4537 960 4597 In
979 4533 1095 4612 primis
1115 4536 1151 4598 in
1172 4537 1353 4600 Nativitate
1374 4537 1504 4598 Domini
1527 4535 1667 4598 ecclesia

77 4619 184 4700 bnam3
206 4628 239 4689 et
259 4626 514 4689 archidiaconus
537 4626 638 4688 faciat
659 4627 826 4690 letaniam.
880 4629 977 4694 debet
994 4633 1122 4693 condiri
1146 4630 1192 4711 (b)
1207 4653 1214 4693 ε
1228 4634 1262 4694 et
1279 4632 1343 4692 duo
1361 4632 1455 4708 paria
1472 4631 1665 4701 facularum,

76 4715 127 4784 Qua
138 4719 231 4793 inita,
244 4723 420 4800 episcopus
438 4723 598 4785 Ostiensis
619 4723 721 4799 ungat
738 4724 771 4784 ei
787 4724 828 4786 ds
882 4743 983 4788 unum
1002 4727 1077 4789 anie
1096 4726 1212 4795 aliare,
1240 4729 1273 4788 ei
1290 4727 1380 4788 aliud
1402 4728 1437 4789 in
1457 4727 1610 4802 lectori03
1635 4727 1668 4789 at

77 4809 129 4874 oleo
143 4819 320 4881 exorcizato
335 4818 508 4880 brachium
530 4818 681 4881 dextrum
692 4820 726 4882 et
741 4819 829 4883 mter
881 4820 1021 4898 quatuor
1033 4818 1160 4880 denarii
1172 4820 1407 4880 mansionariis
1419 4818 1491 4879 dari
1504 4818 1632 4881 dehent.

77 4912 207 4984 mucias,
220 4917 252 4977 ei
263 4914 448 4977 dicaihanc
460 4914 652 4976 orationem.
920 4918 958 4976 In
976 4913 1058 4975 iasio
1076 4914 1182 4975 sancii
1199 4914 1361 4977 iohannis
1380 4914 1596 4989 avangelista
1611 4930 1668 4978 ao-

104 5007 225 5072 Domine
235 5015 329 5074 Deris
339 5011 562 5085 omnipotens,
574 5011 735 5084 criasest
754 5027 829 5074 om-
881 5009 982 5072 alesia
1002 5009 1191 5085 condiatur3
1211 5010 1329 5071 etune
1349 5010 1519 5086 aquaricia
1537 5009 1602 5071 olei
1624 5009 1666 5072 ad

78 5101 258 5173 ui'spoiesias
278 5108 312 5169 et
332 5107 492 5182 dipnitas,
511 5107 545 5167 ie
563 5111 706 5182 supplici
727 5111 829 5170 deno-
881 5105 1005 5180 iontem
1026 5103 1161 5181 siquod
1181 5104 1353 5180 supererit,
1373 5105 1417 5165 sit
1438 5104 1607 5167 ecclesiae:
1630 5122 1669 5168 e-

78 5191 145 5254 iiam
161 5201 255 5273 aiqim
274 5204 463 5264 bumittima
479 5215 583 5276 prece
604 5205 826 5277 deposcimus,
881 5200 1054 5262 duodecim
1073 5199 1200 5261 denarii
1219 5199 1397 5275 papienses
1416 5198 1558 5268 clericis,
1571 5202 1667 5262 eivi-

79 5287 829 5372 abaciammtaoprospemmrmperaiomn
882 5312 962 5357 num
974 5295 1015 5356 ad
1028 5294 1204 5371 potandum
1217 5293 1293 5356 ante
1303 5291 1453 5367 vigiliam
1467 5313 1474 5352 ε
1488 5295 1522 5355 et
1533 5295 1597 5357 tria
1611 5313 1664 5375 pa.

64 1241 186 1315 pacem,
212 1240 248 1301 et
270 1255 377 1315 super
406 1243 522 1302 omnia
551 1254 662 1318 repna
686 1244 834 1318 macci-
886 1274 973 1332 „om

65 1337 834 1509 Woffiionemvemsecunusmdehetepiscopus

67 1526 236 1587 bonnensis
266 1527 409 1590 recitare
437 1527 524 1590 inter
550 1527 723 1600 malasiam
744 1526 833 1590 boati

68 1620 408 1685 Peuiiumediorotae.

81 5441 357 5586 s1(‘i}ssg⁰3nffiriessdioe
371 5449 466 5511 cencii
479 5448 551 5558 cruit
560 5448 702 5523 Onuirius,
718 5465 828 5530 nosque
892 5449 953 5580 Ulib)
973 5451 1081 5522 Nempe
1095 5443 1190 5506 suffitu
1205 5452 1234 5506 ei
1251 5442 1394 5518 odoribus,
1410 5453 1441 5504 ut
1453 5447 1566 5522 quiden
1582 5449 1661 5511 vide·
