4122 6308
96 298 142 360 sol
605 293 649 356 tu
674 289 1025 356 RESURRECTIONE
1046 290 1208 352 DOMINI.

127 453 344 518 Aromaenlm
356 451 583 530 diciturquasi
593 453 741 516 aerioma
751 452 793 516 ah
803 466 881 514 aere

97 555 229 616 odorata.
246 554 344 615 Unde
356 553 561 632 pigmentum
576 567 690 616 aroma
705 552 837 614 dicitur.
854 551 882 612 A

97 654 188 730 primo
211 652 321 729 igitur
343 652 439 714 horto
453 667 569 714 aroma
584 650 742 728 profluxit
763 649 881 711 Chris-

96 751 148 819 tus,
172 750 269 824 cujus
301 747 402 808 odore
433 760 547 807 omnes
577 744 756 822 replemur.
785 746 882 804 Hunc

33 917 34 920 Ἴ
97 861 225 922 namque
244 843 384 906 odorem
402 844 549 904 sentiens
564 846 670 912 Isaac,
686 859 761 904 cum
775 840 881 902 bene-

97 943 250 1004 diceretur
268 941 385 1016 Jacob,
407 941 509 1003 dixit:
525 943 612 1003 11333
627 944 712 1002 odor
725 942 787 1013 utet
800 942 881 1007 mei,

96 1043 172 1102 31331
183 1043 270 1102 odor
287 1043 368 1117 aaut
381 1043 486 1115 ptem,
503 1043 559 1100 cut
574 1039 748 1102 benedtmt
759 1039 882 1099 Domi-

96 1154 151 1200 uus
164 1137 261 1217 (Gen.
279 1151 388 1210 1111111,
408 1136 475 1216 27).
497 1135 684 1198 Secundum
704 1151 820 1197 aroma
834 1134 885 1197 331

97 1236 277 1314 pradicatio
306 1235 550 1312 Apostolorum.
577 1233 671 1296 Unde
699 1232 824 1295 Paulus
843 1233 884 1294 de

95 1349 126 1394 se
149 1335 180 1394 et
200 1333 282 1394 aliis
308 1332 477 1409 Apostolis
501 1332 601 1394 dicit:
625 1332 753 1394 Cdrtstt
778 1333 885 1393 bouus

97 1434 307 1492 adorsumus
320 1433 444 1492 Deo-tu
465 1431 559 1492 omui
584 1434 654 1492 loco
669 1426 714 1508 (II
738 1428 812 1489 Cor.
839 1429 883 1502 ΙΙ,

98 1526 151 1607 15).
174 1528 326 1589 Γ13111111
351 1542 466 1589 aroma
493 1528 570 1588 sunt
591 1523 742 1599 virtutes,
766 1525 885 1603 quihus

96 1625 222 1688 odorata
237 1627 358 1688 331313
373 1624 521 1688 Ecclesia
538 1627 572 1687 31
585 1626 653 1686 Deo
667 1624 801 1701 accepta
823 1623 884 1685 est.

98 1723 264 1800 bequihus
276 1725 312 1784 in
324 1723 479 1784 cantico:
497 1727 686 1784 curremus
696 1725 733 1784 tu
744 1725 887 1784 odorem

98 1823 348 1896 unquentorum
360 1822 501 1884 tuorum
511 1819 619 1899 (Cant.
634 1822 659 1894 1,
668 1818 714 1899 3).
727 1821 886 1892 Quartum

99 1933 199 1980 aroma
213 1919 268 1982 est
285 1918 445 1996 perfectio
463 1919 635 1996 utriusque
653 1918 827 1995 praesentis
850 1916 886 1977 in

98 2014 206 2078 futuro.
234 2019 335 2080 Hunc
359 2017 494 2079 odorem
518 2017 596 2078 vitae
623 2017 757 2078 aeternae
788 2013 887 2076 sentit

98 2114 276 2190 Apostolus,
294 2115 426 2192 quando
441 2114 544 2176 dixit:
568 2117 714 2188 Semper
727 2129 806 2174 eum
817 2116 888 2174 Do-

96 2214 181 2273 mino
194 2216 332 2274 emmas
351 2210 380 2290 (Ι
390 2211 504 2272 Thess.
520 2208 889 2290 11,1).11111331313

100 2312 207 2370 lumini
218 2312 419 2372 tuvtcemtu
432 2310 547 2399 verbis
561 2310 638 2372 istis
654 2306 683 2389 (I
697 2308 814 2370 Thess.
830 2309 885 2379 IV,

101 2404 156 2483 17).

134 2504 287 2576 Quintum
300 2504 470 2580 regularia
486 2503 672 2567 ministeria
687 2502 885 2576 devotionis,

102 2615 195 2662 sacrae
216 2603 399 2674 orationes,
420 2602 458 2665 ut
475 2602 567 2680 patet
582 2602 617 2663 in
630 2602 693 2664 hoc
707 2601 859 2678 exemplo
878 2622 886 2662 1

101 2700 334 2764 ernestum
357 2717 434 2775 cuce
460 2701 613 2762 ascendit
640 2701 729 2762 sicut
752 2704 890 2776 virgula

99 2798 178 2869 uruat
200 2813 249 2860 ece
263 2799 480 2860 aromatibus
495 2801 650 2874 murrum
663 2799 697 2860 et
712 2799 835 2870 thuris,
856 2797 890 2860 et

104 2897 250 2957 statueret
271 2899 427 2970 pulveris
447 2897 675 2973 prementum
697 2895 804 2976 (Cant.
830 2896 888 2962 ΙΙΙ,

103 2990 142 3068 a).
153 2995 227 3054 liaec
235 2993 351 3054 autem
361 2995 511 3056 aromata
524 2995 602 3056 sunt
613 2993 750 3070 myrrha
760 2995 793 3055 et
802 2993 887 3065 aloa,

105 3102 166 3163 quae
187 3107 321 3152 vermes
352 3092 507 3154 occidunt
533 3093 566 3154 et
591 3107 725 3154 carnem
753 3090 890 3153 dissolvi

103 3187 269 3260 putredine
287 3205 354 3250 non
370 3188 576 3266 permittunt.
593 3189 708 3252 Nimia
729 3189 891 3250 amaritu-

106 3281 170 3344 dine
193 3301 258 3346 sua
275 3301 354 3346 caro
375 3285 471 3348 debet
485 3287 576 3362 ungi.
597 3288 657 3348 Η13
681 3287 784 3362 igitur
810 3302 890 3364 spe-

106 3380 207 3442 313113
226 3397 308 3444 3313
328 3384 474 3459 ungitur,
491 3383 624 3461 quando
637 3384 777 3462 jejuniis
793 3385 825 3446 et
839 3385 892 3446 vi-

106 3477 194 3553 giliis,
206 3497 283 3558 quae
292 3495 405 3542 amara
417 3480 493 3542 sunt
502 3481 607 3554 carni,
622 3480 794 3557 affligitur.
807 3484 891 3542 Dum

106 3577 182 3637 enim
201 3579 254 3640 sic
273 3594 407 3640 3311311
430 3579 633 3656 inungimus,
655 3595 721 3640 non
736 3577 891 3642 'nostram

107 3674 155 3734 sad
169 3691 306 3738 carnem
330 3677 452 3740 Christi
469 3677 627 3741 unctione
649 3675 890 3754 profundimus

1670 300 1731 362 862

975 449 1137 512 Caeterum
1152 450 1239 514 sicut
1250 449 1392 514 diversae
1407 455 1485 517 sunt
1499 455 1668 532 mulieres,
1680 461 1730 524 ita

935 546 1067 609 diversa
1089 549 1256 625 unguenta
1273 549 1464 625 conficiunt,
1483 569 1526 615 ex
1540 556 1659 632 quibus
1677 558 1731 619 di·-

935 661 1032 707 verso
1057 646 1154 708 modo
1178 648 1307 723 ungunt
1327 651 1452 712 desum.
1478 653 1572 715 Laici
1598 656 1731 732 quidem

936 759 996 804 sex
1023 759 1133 806 emere
1162 744 1282 807 debent
1307 749 1434 824 species
1462 752 1665 814 aromaticas
1689 753 1730 815 ad

936 855 1032 902 suum
1047 841 1289 904 conficiendum
1306 847 1529 922 unguentum:
1551 849 1647 923 idest,
1672 867 1733 913 sex

937 954 1037 1016 opera
1048 939 1296 1010 misericordiae,
1313 959 1385 1020 qnae
1400 945 1552 1008 Christus
1564 947 1732 1025 injudicio

938 1036 1189 1109 commendabit,
1208 1053 1283 1098 cum
1309 1039 1396 1104 dicet
1409 1042 1451 1103 iis
1467 1044 1523 1120 qui
1542 1060 1563 1106 3
1586 1046 1733 1108 dexteris

937 1137 1009 1212 ejus
1024 1135 1143 1198 erunt:
1164 1139 1309 1198 Esurtot
1327 1139 1361 1198 et
1375 1141 1515 1202 dedistis
1528 1146 1614 1205 mitt
1631 1159 1734 1206 mcu-

937 1235 1065 1296 1113313
1074 1250 1086 1305 ,·
1107 1233 1204 1294 sttiot
1227 1234 1260 1295 et
1288 1237 1429 1298 dedistis
1447 1242 1533 1302 mitit
1553 1243 1668 1303 bibere
1670 1285 1731 1304 .....

940 1327 1070 1409 (Matth.
1082 1345 1162 1404 xxv,
1179 1329 1245 1410 35).

979 1428 1144 1499 Quantum
1158 1429 1269 1490 autem
1284 1431 1362 1493 sunt
1375 1431 1542 1495 odorifera
1556 1434 1629 1496 haec
1649 1451 1733 1498 aro-

939 1528 1028 1589 mata
1041 1525 1112 1604 ipse
1127 1525 1276 1588 Christus
1294 1527 1428 1591 illorum
1444 1531 1545 1592 odore
1559 1531 1736 1596 dilectatus

940 1623 1083 1686 ostendit
1097 1623 1210 1686 dicens
1225 1645 1233 1686 :
1251 1627 1415 1692 Quodam
1426 1633 1638 1693 emmeutmts
1649 1636 1738 1695 mets

939 1722 1179 1796 [3313113111111
1192 1723 1323 1796 fecistis
1336 1721 1467 1802 (Matth.
1481 1743 1561 1800 xxv,
1575 1727 1642 1807 10).
1658 1730 1738 1791 Sine

941 1817 1040 1880 dubio
1053 1818 1115 1882 1133
1131 1820 1258 1896 species
1273 1821 1391 1883 leviter
1408 1823 1489 1884 satis
1501 1824 1537 1884 in
1551 1825 1737 1888 13113133-

940 1917 992 1982 113
1006 1917 1156 1994 reperire
1170 1933 1355 1994 possumus,
1370 1921 1448 1998 quia
1459 1923 1649 1998 peccatores
1665 1939 1738 1985 om-

940 2031 1000 2076 nes
1015 2031 1141 2076 sumus.
1158 2015 1236 2077 11133
1251 2031 1331 2080 1313
1345 2034 1413 2080 131
1426 2018 1467 2080 13
1481 2021 1666 2099 propinquo
1677 2023 1735 2083 sed

941 2114 982 2174 de
996 2113 1176 2191 longinquo
1192 2114 1301 2185 valde,
1323 2115 1419 2190 idest,
1436 2117 1477 2180 de
1498 2119 1654 2195 paradiso
1674 2136 1738 2197 ap-

941 2213 1090 2288 portatas
1109 2213 1319 2290 suscipimus.
1345 2216 1434 2286 Quas
1453 2215 1640 2278 devotionis
1661 2233 1739 2294 spe·

942 2310 1020 2381 3133,
1038 2311 1071 2373 31
1085 2311 1225 2373 simodo
1240 2327 1340 2389 parce
1354 2313 1548 2390 accipimus,
1567 2315 1645 2392 quia
1658 2331 1738 2377 rara

942 2410 1019 2470 sunt
1030 2407 1126 2470 valde
1142 2424 1243 2486 opera
1256 2409 1493 2473 misericordiae
1512 2412 1541 2472 si
1555 2414 1623 2473 Deo
1638 2411 1739 2490 adju-

941 2507 1041 2568 vante
1059 2505 1100 2566 ad
1117 2507 1261 2583 patriam
1275 2507 1536 2584 pervenerimus,
1560 2508 1738 2571 abundau-

942 2603 993 2666 ter
1005 2603 1258 2681 possidebimus.

983 2701 1144 2778 Religiosi
1163 2717 1244 2764 vero
1268 2701 1325 2780 qui
1349 2702 1494 2780 propriis
1521 2705 1738 2767 renuntiave-

944 2801 1022 2861 runt
1033 2800 1179 2874 omnine,
1191 2800 1271 2862 licet
1283 2815 1351 2861 non
1366 2800 1520 2874 habeant,
1536 2801 1623 2864 unde
1638 2803 1738 2865 contl-

944 2897 1034 2960 ciant
1058 2896 1122 2960 hoc
1147 2897 1363 2974 unguentum,
1394 2897 1462 2960 alia
1489 2901 1601 2961 tamen
1629 2915 1741 2961 emere

944 2993 1064 3057 dehent
1073 2995 1233 3068 aromata,
1243 3011 1286 3057 311
1295 2995 1415 3073 quibus
1426 3012 1522 3058 31111
1536 2998 1741 3074 unguentum

945 3092 1133 3162 conficiant,
1150 3093 1315 3165 videlicet,
1334 3094 1529 3167 orationem,
1550 3094 1741 3157 meditatio-

945 3207 1031 3264 nem,
1061 3189 1254 3265 lectionem,
1285 3191 1607 3268 contemplationem.
1637 3194 1743 3265 Quam

945 3305 1048 3351 suave
1074 3289 1118 3350 sit
1145 3289 1209 3350 hoe
1234 3289 1450 3365 unguentum,
1475 3289 1534 3352 1113
1553 3290 1657 3363 novit,
1685 3291 1743 3366 qui

945 3386 1076 3462 plenius
1090 3385 1233 3448 conficit.

986 3481 1106 3544 Clerici
1118 3498 1197 3544 vero
1213 3498 1256 3544 ax
1270 3482 1312 3544 iis
1325 3482 1452 3545 dnobus
1468 3483 1646 3560 unguentis
1656 3500 1741 3546 eon-

947 3579 1047 3642 13313
1062 3579 1182 3643 debent
1194 3580 1339 3653 tertium,
1357 3581 1394 3642 ut
1406 3597 1494 3642 nunc
1510 3581 1551 3642 ad
1564 3582 1664 3659 pedes
1679 3585 1743 3643 Do-

946 3678 1028 3738 mini
1055 3678 1193 3740 sedeant
1210 3695 1284 3739 cum
1306 3678 1425 3752 Maria,
1452 3680 1484 3741 et
1502 3679 1641 3741 audiant
1661 3696 1743 3742 ver·

107 3771 317 3852 Posteaquam
332 3774 420 3837 enim
434 3775 581 3838 veterem
604 3774 772 3836 bominem
791 3775 892 3838 exui-
947 3775 1024 3838 bum
1033 3775 1135 3849 illius,
1148 3775 1355 3838 nuncautem
1364 3792 1439 3837 cum
1447 3775 1578 3838 Martha
1592 3777 1745 3854 satagant

108 3883 180 3945 nus,
200 3871 351 3934 membra
366 3871 490 3934 diaboli
512 3871 632 3934 effecta
649 3873 726 3934 sunt
745 3872 893 3935 membra
948 3875 1037 3936 circa
1062 3872 1218 3951 frequens
1244 3873 1478 3946 ministerium,
1507 3874 1543 3936 ui
1566 3877 1746 3937 exerceant

109 3965 229 4030 Christi.
265 3969 359 4030 Unde
395 3969 425 4030 si
453 3969 672 4046 nosmetipsos
701 3969 890 4047 polluimus,
947 3969 1524 4048 313133131113113.(1313111113ἰοὶ
1548 3971 1746 4034 131131111-

109 4076 165 4124 non
192 4065 226 4128 in
262 4080 405 4147 carnem·
431 4065 579 4128 nostram
608 4065 666 4128 sed
694 4066 730 4128 in
760 4083 893 4128 carnem
947 4082 1026 4143 gere
1041 4066 1154 4143 pedes,
1179 4065 1330 4142 religiosi
1352 4067 1461 4142 caput,
1480 4069 1513 4128 et
1534 4068 1648 4129 clerici
1670 4084 1747 4130 cor·
1773 4081 1775 4085 ·

108 4160 219 4226 Christi
232 4178 420 4240 peccamus.
445 4163 564 4226 Anima
579 4165 689 4226 autem
704 4164 893 4226 charisma·
948 4181 1021 4242 pus.
1061 4163 1166 4225 Pedes
1195 4164 1283 4223 enim
1311 4163 1438 4224 Christi
1466 4164 1542 4224 sunt
1565 4181 1743 4242 pauperae,

109 4257 185 4322 libus
206 4261 317 4322 sancti
340 4260 484 4338 Spiritus
510 4261 627 4350 inungi
651 4260 758 4334 debet,
779 4279 852 4340 quae
866 4263 894 4323 si
949 4261 1047 4339 caput
1070 4260 1239 4332 divinitae,
1267 4260 1301 4321 31
1325 4275 1445 4337 corpus
1472 4260 1632 4330 Ecclesia,
1660 4263 1747 4325 313111

110 4358 350 4431 nonhabemus,
369 4373 479 4422 emere
501 4357 669 4433 debemus,
689 4359 775 4422 sicut
789 4361 896 4437 scrip·
949 4358 1063 4422 multis
1088 4358 1250 4435 exemplis
1273 4357 1459 4420 ostenditur
1485 4359 1520 4420 in
1550 4359 1743 4434 Scripturis.

110 4453 169 4516 tum
183 4457 257 4518 est:
276 4458 339 4523 Qut
352 4471 421 4518 uon
435 4457 567 4520 bebetis
581 4457 778 4533 argeutum,
792 4459 895 4519 emite
949 4459 1023 4534 Ipse
1038 4456 1170 4534 quidem
1186 4458 1284 4519 Jesus
1296 4455 1394 4516 modo
1409 4455 1502 4516 sedet
1518 4456 1555 4515 in
1572 4454 1667 4527 eosic,
1685 4453 1743 4515 sed

110 4551 411 4633 etneutte(1s.uv,
431 4551 476 4632 1).
505 4554 583 4616 Sine
606 4555 744 4630 argento
764 4554 895 4632 quidem
950 4554 1051 4632 pedes
1074 4556 1158 4629 ejus,
1181 4552 1276 4624 idest,
1304 4566 1468 4628 pauperes
1493 4551 1603 4612 adhuc
1629 4551 1747 4613 3111111-
1836 4611 1841 4624 ,

111 4645 215 4714 baberi
235 4650 344 4729 potest
363 4650 436 4712 haec
460 4651 583 4723 unctio,
605 4667 671 4713 non
697 4651 809 4714 tamen
830 4651 896 4714 nisi
950 4651 1131 4728 lantsuper
1144 4652 1278 4712 terram.
1302 4651 1367 4712 Per
1382 4648 1482 4726 pedes
1497 4648 1629 4710 Domini
1644 4650 1747 4711 mise-

110 4749 237 4811 smatur.
270 4749 333 4811 Sed
360 4748 446 4810 unde
474 4750 623 4822 ematur,
653 4764 720 4811 non
745 4749 897 4827 desperet
949 4747 1141 4811 ricordiaet
1156 4746 1291 4818 veritas,
1309 4745 1387 4824 quia
1410 4746 1475 4808 viae
1494 4747 1625 4808 Domini
1645 4747 1749 4811 mise·

111 4845 238 4920 emptor.
258 4845 336 4907 Sine
353 4845 411 4906 illo
430 4861 494 4923 quo
512 4845 643 4918 emitur,
663 4861 737 4908 esse
758 4863 824 4908 non
837 4864 898 4926 po-
950 4845 1095 4907 ricordia
1109 4844 1142 4905 et
1155 4843 1290 4906 veritas.
1307 4844 1367 4904 His
1382 4843 1510 4906 duobus
1524 4841 1664 4922 pedibus
1677 4847 1748 4908 cir-

111 4939 176 5014 1331,
194 4942 273 5021 quia
295 4958 355 5020 per
374 4943 574 5006 exteriorem
595 4943 785 5006 unctionem
804 4946 896 5008 inte·
951 4942 1020 5004 cuit
1033 4943 1066 5004 et
1077 4941 1287 5020 perambulat
1302 4941 1477 5002 universas
1492 4943 1619 5005 mentes
1634 4944 1748 5006 homi-

113 5035 173 5099 1131
196 5041 309 5102 unctio
338 5040 533 5118 acquiritur.
564 5040 626 5113 Qui
650 5042 739 5102 enim
766 5058 897 5104 crucem
951 5056 1042 5112 num,
1059 5041 1095 5101 ut
1104 5055 1163 5117 per
1175 5039 1440 5102 misericordiam
1453 5041 1663 5104 confitentem
1675 5058 1749 5120 pee-

113 5133 223 5202 Christi
239 5138 359 5216 portat,
381 5137 608 5200 consolatione
630 5139 736 5203 sancti
754 5139 897 5217 Spiritus
952 5139 1026 5200 cata
1044 5154 1106 5199 313
1126 5138 1159 5199 31
1177 5136 1390 5200 damnantem
1411 5139 1573 5216 justificet
1598 5139 1747 5216 impium,

114 5246 170 5294 non
193 5235 352 5313 privatur.
374 5236 419 5297 lis
443 5236 547 5312 igitur
570 5237 793 5310 unctionibus,
823 5253 897 5300 cum
952 5235 1217 5300 contemnentem
1244 5236 1354 5297 autem
1380 5235 1660 5309 misericordiam,
1695 5236 1750 5298 vel

115 5333 226 5404 quanta
249 5349 425 5410 possumus
448 5333 660 5396 discretionis
682 5333 896 5411 perfectione,
953 5334 1063 5396 minus
1077 5335 1112 5395 in
1127 5350 1168 5395 ea
1180 5333 1398 5394 confidentem
1409 5331 1518 5394 mittat
1527 5333 1560 5393 in
1572 5334 1747 5411 judicium.
1834 5383 1846 5410 ,

117 5431 898 5509 ungamuscorpusChristi.Quodpraetlguratille
952 5433 1013 5493 His
1047 5430 1186 5509 pedibus
1214 5429 1438 5492 deambulavit
1463 5431 1498 5491 in
1524 5430 1679 5508 paradiso
1707 5431 1749 5490 ad

117 5523 316 5602 Nicodamus,
329 5528 898 5607 1113111131111101111311113111-
954 5544 1069 5590 auram
1081 5529 1154 5605 post
1164 5527 1336 5589 meridiem
1347 5543 1532 5605 provocans
1541 5527 1656 5589 Adam.
1669 5527 1751 5587 Con-

117 5619 149 5682 lit
172 5626 312 5704 myrrhae
339 5629 371 5689 et
398 5627 489 5688 aloes
515 5627 609 5706 quasi
631 5627 734 5692 libras
754 5630 897 5692 centurn.
954 5611 1134 5688 fess'ionem
1147 5624 1751 5700 11131331)33131111133113111313
