3962 6294
275 324 335 386 319

276 484 367 546 ciens
381 479 443 561 (a),
459 495 558 558 quum
572 471 681 556 portat
701 477 873 554 presbyter
890 477 1072 539 Eucharis-

274 582 356 645 tiam
372 581 413 641 ad
428 579 606 650 infirmum,
625 591 722 653 quam
740 576 775 636 in
801 575 932 637 decenti
956 576 1071 638 habitu

277 677 483 756 superposito
507 674 629 736 mundo
650 674 815 735 velamine
841 672 936 746 serat,
960 674 993 735 et
1016 690 1072 735 re-

276 777 361 838 ferat
374 774 558 846 manifeste,
580 788 619 833 ac
640 772 823 833 honorilice
843 772 919 832 ante
943 772 1068 848 pectus,

277 891 351 936 cum
362 873 451 934 omui
462 871 660 942 reverentia,
678 871 711 932 et
722 869 840 931 timore
856 885 985 946 semper
996 885 1070 930 cum

275 971 400 1032 lumine
416 969 632 1046 praecedente,
651 983 750 1044 quum
774 967 817 1028 sit
841 967 965 1028 candor
987 967 1071 1028 lucis

276 1070 419 1140 aeternae,
437 1067 473 1128 ut
487 1083 530 1126 ex
544 1067 606 1127 lroc
620 1065 706 1142 apud
719 1081 832 1125 omnes
857 1065 939 1126 fides
954 1066 986 1126 et
1008 1064 1070 1124 de-

274 1167 364 1227 votio
380 1164 552 1240 augeatur.
574 1163 708 1223 Praelati
730 1163 841 1224 autem
862 1163 961 1239 hujus
976 1177 1072 1222 man-

275 1263 343 1326 dati
354 1261 500 1338 graviter
510 1261 628 1338 punire
637 1275 702 1321 non
716 1257 872 1321 differant
883 1261 1067 1336 transgres-

278 1375 380 1432 sores„
401 1360 429 1420 61
445 1360 478 1420 61
492 1358 555 1435 ipsi
571 1357 728 1430 divinam,
743 1357 775 1420 ei
796 1358 944 1419 nostram
967 1356 1073 1418 velint

276 1459 423 1534 effugere
435 1456 604 1517 ultionem.
625 1458 692 1518 Vos
707 1455 817 1516 autem
836 1456 885 1516 sie
901 1455 1072 1516 observari

278 1555 408 1616 faciatis
421 1553 591 1632 praedicta,
608 1552 694 1630 6666
710 1569 775 1614 666
792 1552 983 1613 efficiamini
996 1552 1073 1613 vin-

278 1653 373 1714 diciae
388 1651 577 1729 participes,
596 1650 653 1711 sed
666 1665 808 1711 6616666.

275 1805 556 1876 Arabicpiscopis,
582 1803 814 1874 adscisceris,
839 1801 872 1861 et
892 1799 1072 1862 arriversis

315 1903 393 1962 attis
405 1899 801 1972 ceclcstarnmproeialis,
816 1899 850 1960 ei
859 1901 993 1960 clericis
1005 1911 1072 1973 per

314 1999 504 2059 Frartciam
518 1997 714 2057 constitutis
729 1993 789 2074 (b).

576 2202 712 2262 durus
727 2201 772 2260 ΙΙ.

318 2349 423 2420 Quum
436 2345 589 2406 creatura
604 2359 670 2404 non
684 2341 805 2403 habeat
819 2340 898 2417 6616
920 2357 981 2418 pro
1001 2357 1072 2403 me-

278 2543 382 2615 6666166
397 2541 424 2598 16
440 2540 500 2598 beri
515 2539 628 2596 solitum
641 2539 686 2594 sit.
705 2539 738 2594 Et
753 2543 819 2593 tunc
832 2536 979 2608 pulsantur
991 2551 1070 2592 eam·

277 2629 370 2686 parrae,
387 2620 416 2670 ut
432 2616 586 2683 presentes
608 2609 772 2666 attentiores
795 2609 861 2675 sint,
887 2613 915 2663 et
940 2606 1073 2664 absentes

278 2685 313 2741 ad
328 2682 466 2740 orandum
483 2681 661 2748 inclinentur,
675 2679 709 2734 de
725 2693 780 2761 666
796 2677 912 2750 6616616
928 2683 1070 2734 6616666-

277 2756 369 2812 titutio
387 2752 533 2824 Stephani,
545 2751 756 2809 cantuariensis
770 2749 896 2822 episcopi
911 2749 966 2803 :ln
979 2750 1068 2805 eiera-

276 2827 351 2882 ticne
365 2824 490 2894 corporis
511 2822 618 2878 Ciristi
636 2822 787 2890 pulsentur
806 2834 958 2888 erumpente,
980 2825 1010 2875 nt
1019 2833 1070 2890 po-

273 2897 392 2966 pulures
420 2892 678 2964 ynieelebralioni
709 2892 861 2946 mimarum
891 2905 947 2944 non
979 2891 1071 2946 calent

276 2965 397 3036 yrtoiidie
410 2965 549 3028 interesse,
566 2961 729 3031 ubicumque
740 2960 849 3030 suerint
864 2960 922 3014 sice
936 2959 967 3014 in
981 2961 1071 3030 cyris,

276 3036 334 3092 siue
347 3035 378 3090 in
396 3033 531 3099 domibus,
547 3033 659 3100 arctam
678 3046 777 3100 yeuua,
792 3029 984 3100 tridulyeniias
1005 3046 1070 3086 cou-

277 3121 367 3162 cessas
384 3120 402 3158 a
413 3103 546 3173 pluribus
567 3102 701 3228 episcossis
721 3100 856 3156 babituri.
883 3099 954 3159 Vide
980 3101 1072 3156 simile

277 3175 421 3232 decretum
436 3172 520 3242 Petri,
535 3173 657 3244 patriarc
679 3187 703 3228 ae
713 3170 894 3238 antiocheni,
908 3171 1070 3240 66661367,

277 3248 305 3302 16
320 3245 439 3303 66661116
455 3243 671 3310 Tarraconensi,
690 3249 718 3298 et
730 3241 848 3308 Dnncci,
865 3241 1070 3314 archiepiscopi

277 3316 509 3380 Tarraconensia,
535 3327 610 3370 anno
636 3314 713 3381 1166,
739 3312 899 3380 6161666116,
918 3317 950 3368 ut
967 3323 1069 3383 tempo-

277 3389 356 3444 ribus
368 3385 507 3458 ycrreralis
525 3384 666 3440 interdicti
680 3387 706 3440 et
724 3383 886 3440 cessationis
898 3381 1070 3451 diuinorum,

277 3459 387 3532 quando
402 3471 503 3527 corpas
519 3455 760 3514 Gbristielecntur
770 3455 801 3509 ia
815 3453 936 3523 qnalibet
946 3453 1070 3522 ecclesia,

277 3532 370 3600 majus
382 3529 539 3600 cymbalum
552 3527 582 3580 in
592 3525 718 3595 carparis
732 3525 839 3582 Gltristr
852 3525 944 3580 tribus
955 3525 1071 3592 vicibus,

277 3605 301 3656 ei
316 3599 383 3654 aliis
398 3599 489 3654 cribris
504 3596 608 3652 uicibus
630 3597 660 3650 in
674 3595 821 3665 snnyuiais
840 3596 962 3666 ejusdem
980 3597 1069 3651 eleae·

277 3670 399 3727 tionibus
421 3669 581 3737 pulsetur:
608 3671 640 3720 ut
662 3667 784 3737 popilius
807 3665 968 3735 buirisrncdi
993 3665 1072 3735 siyno

277 3739 437 3864 abyronitas
449 3741 509 3793 orei
518 3751 589 3807 yenu
596 3737 678 3804 besa,
689 3741 714 3791 et
728 3735 916 3804 iudulyentias
926 3736 1072 3806 acquirere

277 3813 379 3866 auerti.
469 3859 470 3864 ,

312 3878 354 3951 (a)
376 3880 467 3946 Quum
484 3877 629 3949 presbyter
644 3877 681 3931 ad
695 3875 848 3948 infirmnm.
873 3876 945 3932 Huic
963 3876 1069 3932 consti·

278 3951 379 4010 tutioni
392 3948 523 4022 congruit
535 3947 697 4005 constitutio
709 3947 826 4004 loannis
835 3947 985 4014 Pecciiam,
996 3948 1068 4004 Can·

276 4021 430 4079 tuariensis
454 4018 549 4076 archie
572 4017 688 4090 iseopi:
719 4019 752 4074 tu
774 4015 986 4074 Sacramentum
1009 4019 1068 4074 En·

276 4093 418 4150 616116ἰὶ6
432 4035 652 4161 circrtmAEratur
670 4104 733 4145 curri
752 4089 842 4144 debita
863 4087 1020 4144 reuerentia
1034 4089 1071 4144 cd

275 4169 402 4235 apertos,
422 4161 669 4218 secerdoteindnlo
687 4160 786 4216 saltem
806 4159 1004 4230 superpelliceo
1022 4175 1067 4229 ye-

276 4241 353 4292 reutc
370 4234 509 4298 orarium,
526 4247 559 4288 uc
572 4231 677 4286 lumine
694 4230 845 4304 predicis
868 4231 984 4286 lucana
1007 4245 1071 4286 curt

275 4321 423 4376 campana.
441 4302 575 4360 166666
594 4303 687 4358 locum
710 4301 875 4359 Guillelmus
888 4300 1070 4384 Lyndetvodo

276 4375 406 4434 officialis
421 4374 697 4439 cantuariensem
713 4371 822 4438 doctus,
832 4379 943 4496 6666111,
957 4372 980 4428 61
998 4371 1067 4428 dei·

276 4449 332 4504 ciat
346 4447 475 4512 clericus,
496 4458 532 4501 an
551 4443 652 4500 debeat
675 4442 820 4515 presbyter
849 4456 984 4498 uoernam
1004 4457 1069 4498 cum

275 4519 381 4576 lumine
392 4517 440 4573 uni
459 4514 575 4572 brachio
590 4528 757 4585 suspensam
774 4520 803 4568 61
816 4525 985 4583 campanam
1001 4527 1067 4584 ges·

276 4597 346 4656 tare,
368 4596 396 4645 et
410 4587 452 4642 sic
467 4585 527 4642 lieri
542 4585 624 4641 docet
646 4587 673 4639 16
690 4599 735 4640 am
760 4583 792 4640 lis
809 4582 951 4654 parcentis
972 4591 1002 4638 ut
1026 4584 1068 4639 lu-

275 4673 390 4714 cernam
404 4671 468 4712 cum
481 4670 620 4728 campana
637 4653 673 4710 ad
694 4599 797 4710 culfum
817 4654 882 4725 6661
896 4652 1067 4726 appendant.

275 4731 400 4786 ioannes
433 4740 545 4796 666666
572 4724 724 4782 6616166116
746 4723 926 4792 sabinensis,
952 4724 1068 4780 Houorii

275 4799 364 4853 nostri
383 4799 494 4868 legatus
516 4797 543 4852 in
565 4796 686 4852 concilio
701 4795 847 4862 Ilerdensi,
876 4809 951 4852 arrno
977 4795 1067 4852 llis:

275 4870 364 4925 Sacra
387 4866 571 4923 E'ucltaristia
594 4866 631 4921 ad
655 4865 781 4936 inplentes
798 4882 860 4922 enm
886 4869 1069 4936 campenart

277 4939 393 4994 lucerna
406 4937 556 5008 bortorifice
572 4937 742 5006 deportetur,
758 4941 783 4992 et
797 4936 917 5008 sirryulis
932 4941 990 4993 acto
1009 4935 1065 4992 die·

275 5011 326 5066 bus
338 5011 494 5064 reiteretur.

313 5081 351 5152 (b)
368 5077 600 5146 Arcbiepiscopis,
616 5077 760 5146 episcopis,
770 5077 907 5145 prelatis.
921 5081 945 5132 et
957 5077 1069 5134 clericis

271 5165 324 5220 per
347 5149 500 5205 Francicus
518 5148 686 5204 constitutis.
715 5149 800 5203 Deest
831 5148 861 5202 in
886 5147 1019 5218 vulgatis,
1040 5149 1069 5198 τὸ

271 5236 325 5291 per
350 5219 513 5286 Francicus,
544 5232 631 5290 quum
654 5217 755 5273 merito
781 5217 879 5288 reponi
906 5217 1009 5275 debeat
1033 5232 1069 5274 ex

275 5291 353 5348 MSS.
380 5292 453 5348 Vero
482 5289 559 5345 enim
586 5287 621 5345 de
647 5289 767 5345 66616616
792 5287 937 5345 Gallicana
968 5287 1069 5345 dieitur

275 5361 350 5434 6666
365 5359 412 5416 hic
428 5361 568 5416 Honorius
584 5366 689 5427 noster,
706 5373 809 5430 nempe
824 5373 887 5414 eam
903 5359 1065 5414 666616661-

275 5447 342 5488 nam
361 5447 445 5500 super
467 5429 667 5486 caarlelabrum
684 5430 815 5499 positam,
840 5433 870 5484 nt
891 5429 980 5485 ineant
1002 5431 1069 5486 otiis

274 5503 396 5559 ecclesiis
413 5515 464 5571 per
480 5501 703 5570 exemplemur
727 5508 755 5557 ut
770 5501 865 5556 arania
888 5501 1014 5572 negotia,
1040 5508 1069 5557 et

249 5579 357 5648 'gesta
372 5570 518 5648 synodalia
536 5569 572 5627 ad
595 5569 680 5628 lldem
704 5573 860 5643 spectantia
885 5570 1067 5699 6666666116-

275 5645 359 5703 61666
396 5643 593 5718 episcoporum
632 5641 729 5700 Galliae
768 5639 931 5699 confirmari
964 5643 1069 5700 velent
1089 5685 1098 5725 ¹.

874 317 1052 379 HONORII
1073 319 1119 380 III
1141 317 1288 382 OPERA.
1713 347 1715 354 ’
1837 325 1885 392 320
1944 389 1945 392 ,

1126 480 1200 541 11116
1229 477 1428 556 respondeat
1453 475 1611 548 Creatori,
1641 479 1716 553 etc,
1744 485 1774 546 et
1797 488 1883 560 triba.

1126 581 1232 650 Quum
1248 593 1326 653 ergo
1343 575 1485 637 ecelesia
1499 575 1667 638 Gallicana
1685 595 1741 655 per
1758 582 1812 642 Dei
1824 599 1889 658 gra-

1125 677 1206 738 tiam
1227 677 1384 752 tanquam
1407 675 1546 736 lucerna
1565 691 1662 754 super
1683 677 1888 742 candelabmm
1944 723 1945 728 κ

1126 775 1243 851 posita,
1265 774 1374 834 luceat
1391 772 1468 834 aliis
1486 789 1544 850 per
1567 773 1758 850 exemplum,
1777 777 1826 852 661
1847 779 1890 840 vi-

1126 872 1240 934 dentes
1255 887 1356 949 66616
1374 874 1446 948 ejus
1464 870 1551 934 bona
1574 871 1755 948 glorificant
1777 875 1890 936 Patrem

1126 971 1303 1042 caelestem,
1320 985 1372 1042 ne,
1386 969 1471 1047 quod
1485 969 1580 1042 absit,
1594 970 1692 1031 tantae
1705 970 1891 1046 negligentia

1126 1068 1271 1130 tenebris
1284 1067 1507 1140 obumbretur,
1532 1068 1564 1129 et
1578 1067 1660 1128 alias
1680 1070 1892 1145 consequenter

1126 1165 1308 1237 obumbret,
1324 1164 1573 1226 universitatem
1583 1163 1725 1225 vestram
1736 1165 1893 1240 rogandam

1126 1261 1281 1322 duximus
1305 1259 1338 1323 ei
1356 1277 1420 1322 mo.
1452 1273 1510 1338 per
1535 1260 1646 1338 apost.
1677 1259 1792 1338 scripta
1809 1278 1837 1322 v.
1858 1279 1893 1322 m.

1127 1361 1289 1436 quatenus
1304 1357 1452 1421 universi
1472 1358 1504 1420 et
1521 1357 1644 1436 singuli
1658 1357 1788 1435 provide
1803 1358 1897 1420 atten-

1127 1455 1251 1530 dentes,
1272 1457 1357 1535 quod
1374 1456 1499 1519 servire
1519 1458 1586 1518 Deo
1601 1472 1739 1532 regnare
1760 1457 1895 1527 661661-

1126 1555 1193 1616 lum
1211 1555 1246 1616 in
1265 1571 1324 1616 vos
1338 1555 1506 1632 torporem
1530 1553 1739 1630 negligentia
1760 1553 1898 1630 obrepere

1127 1653 1335 1731 permittatis
1353 1652 1529 1730 quorninus
1545 1651 1578 1713 et
1600 1668 1660 1729 pro
1681 1651 1898 1712 anniversariis

1127 1751 1365 1826 detunctorum,
1381 1752 1423 1822 et,
1439 1766 1499 1828 pro
1516 1748 1613 1822 leste,
1627 1749 1680 1810 vel
1695 1749 1776 1810 feria
1798 1764 1901 1809 secun·

1128 1850 1206 1910 dum
1236 1849 1420 1925 temporum
1458 1846 1709 1924 congruentiam
1744 1846 1901 1908 missarum

1127 1948 1288 2010 solemnia
1305 1948 1337 2007 et
1350 1945 1614 2008 conventualiter
1627 1943 1806 2018 celebretis,
1820 1945 1849 2006 et
1860 1945 1903 2006 la-

1127 2047 1222 2108 niatis
1238 2044 1500 2107 conventualiter
1521 2043 1697 2116 celebrari,
1719 2043 1754 2104 ut
1775 2039 1820 2103 sic
1833 2059 1903 2119 666-

1127 2144 1300 2205 dammodo
1314 2143 1386 2203 sine
1403 2142 1653 2204 intermissione
1679 2141 1808 2204 orantes
1824 2139 1860 2201 ab
1873 2155 1904 2200 eo

1127 2241 1320 2302 mereamini
1338 2239 1502 2311 exaudiri,
1520 2239 1576 2316 qui
1590 2239 1685 2302 adest
1707 2237 1850 2300 omnibus
1871 2237 1901 2297 in

1126 2339 1266 2401 veritate
1280 2337 1511 2400 invocantibus
1525 2353 1649 2400 nomen
1665 2353 1771 2398 suum.

1128 2535 1235 2591 Summi
1249 2533 1410 2599 Pontifices,
1422 2538 1452 2589 ut
1469 2538 1545 2604 patet
1559 2547 1595 2590 ex
1608 2532 1692 2604 epist.
1712 2531 1821 2590 llartini
1835 2532 1907 2601 Papo

1126 2605 1163 2660 ad
1193 2606 1354 2660 Aeneadum
1389 2605 1589 2674 Traiectemem
1622 2604 1795 2673 episcopum,
1827 2609 1852 2657 et
1880 2615 1909 2656 er

1127 2677 1222 2733 Leone
1238 2677 1258 2742 1,
1274 2675 1357 2746 epist.
1372 2675 1417 2743 61,
1432 2673 1467 2730 66
1482 2689 1583 2730 omnes
1597 2675 1749 2746 episcopos
1763 2672 1864 2730 Galliae.

1163 2747 1202 2818 (e)
1220 2747 1276 2801 Pro
1297 2747 1376 2816 festo,
1399 2746 1441 2800 rel
1464 2745 1549 2815 seria.
1576 2745 1686 2802 Sensus
1707 2743 1790 2816 liuius
1809 2741 1910 2814 capituli

1127 2817 1250 2874 ostendit
1264 2815 1326 2872 haec
1339 2815 1424 2872 verba
1442 2829 1448 2870 :
1465 2815 1522 2871 Pro
1533 2817 1614 2886 festo,
1632 2830 1698 2873 esse
1711 2815 1809 2883 divisa,
1823 2821 1850 2870 et
1863 2825 1911 2868 non

1127 2887 1289 2960 signilicare
1311 2887 1393 2944 unica
1416 2900 1486 2942 voce
1507 2886 1681 2956 Profectum,
1702 2885 1738 2942 66
1760 2899 1815 2958 666
1838 2897 1912 2955 snpra

1127 2957 1259 3026 diximus,
1275 2956 1325 3013 sed
1340 2957 1387 3013 hic
1402 2953 1504 3012 iestnm
1525 2955 1601 3013 aliud
1620 2972 1698 3025 esse,
1713 2971 1798 3030 quam
1815 2954 1912 3018 leriam,

1126 3029 1190 3086 licet
1207 3029 1336 3100 primitus
1350 3027 1426 3084 idem
1441 3033 1534 3098 essct;
1551 3041 1618 3084 nam
1637 3026 1708 3084 leria
1724 3035 1785 3084 crat
1799 3025 1857 3082 dies
1870 3023 1912 3080 66-

1128 3099 1259 3166 66116616,
1272 3099 1309 3154 116
1323 3099 1396 3155 61616
1412 3099 1533 3180 primum
1545 3113 1560 3154 a
1572 3098 1725 3156 Paschatis
1736 3094 1912 3160 hebdomada,

1126 3171 1155 3226 in
1171 3183 1225 3242 666
1247 3168 1380 3226 omnibus
1395 3167 1494 3225 diebus
1508 3168 1678 3227 cessabatur
1693 3169 1729 3226 ab
1744 3169 1821 3225 omni
1840 3179 1915 3239 opere

1127 3241 1232 3308 servili,
1246 3246 1276 3296 ut
1292 3239 1426 3296 annotari
1444 3237 1479 3296 ad
1493 3239 1566 3296 titul.
1587 3241 1620 3295 de
1635 3240 1749 3308 Fertis;
1765 3239 1803 3296 ita
1822 3244 1852 3294 ut
1872 3250 1917 3293 nec

1127 3326 1226 3368 cursus
1241 3325 1389 3380 equorum,
1402 3309 1447 3366 vel
1463 3309 1605 3382 publicum
1621 3311 1821 3382 spectaculum
1836 3310 1916 3374 66161,

1128 3389 1157 3440 61
1169 3381 1251 3439 docet
1264 3381 1395 3438 Balsama
1415 3379 1450 3437 ad
1462 3393 1526 3438 666,
1541 3379 1586 3448 66,
1602 3381 1708 3454 synodi
1722 3381 1750 3450 6,
1766 3381 1795 3437 in
1810 3379 1915 3437 Trullo:

1127 3454 1174 3525 qui
1196 3460 1224 3510 et
1246 3451 1321 3509 addit
1337 3453 1410 3508 male
1426 3466 1513 3524 agere
1533 3451 1658 3509 artilicos
1694 3453 1744 3525 661
1768 3459 1832 3526 post
1851 3449 1919 3506 diem

1126 3523 1241 3580 tertium
1261 3523 1296 3578 ad
1317 3521 1499 3578 mechanicas
1517 3529 1593 3579 artes
1617 3495 1753 3592 redeunt,
1771 3522 1845 3594 6666
1861 3535 1916 3599 616·

1128 3594 1204 3651 bibet
1216 3593 1334 3650 Novella
1345 3593 1372 3661 l,
1384 3593 1493 3649 Leonis.
1507 3592 1598 3649 116616
1611 3592 1684 3650 leria
1696 3601 1741 3652 est
1751 3592 1813 3649 dies
1824 3591 1920 3649 laboris

1127 3672 1155 3721 et
1167 3665 1282 3737 epilicii,
1299 3679 1314 3719 6
1328 3677 1383 3735 666
1394 3663 1452 3734 jam
1468 3663 1653 3736 distinguitur
1665 3665 1784 3732 lestum,
1798 3662 1870 3746 quod
1884 3668 1922 3717 est

1128 3751 1211 3792 verus
1221 3734 1282 3790 dies
1297 3733 1466 3804 devotionis,
1496 3749 1532 3790 uo
1544 3742 1675 3792 cessatur
1689 3735 1726 3793 ab
1738 3749 1818 3792 omm
1832 3747 1920 3805 opcrc,

1126 3813 1154 3864 et
1175 3805 1345 3888 sacrificium
1367 3805 1462 3861 missae
1476 3749 1538 3862 fleri
1557 3804 1681 3863 debebat
1698 3805 1776 3878 apud
1792 3806 1921 3864 Graecos:

1127 3877 1242 3934 Latinos
1262 3875 1371 3932 dierum
1390 3875 1579 3932 dillerentiam
1600 3891 1659 3933 uon
1676 3875 1784 3934 iecisse
1799 3876 1879 3933 docet
1893 3877 1922 3931 D.

1127 3949 1326 4019 Hieronymus,
1343 3945 1424 4018 epist.
1443 3947 1481 4002 66
1499 3946 1657 4018 Aipasium,
1680 3947 1761 4020 6666
1783 3955 1877 4004 tamen
1892 3959 1923 4000 66

1125 4017 1330 4076 consuetudine
1366 4017 1540 4088 processisse
1572 4015 1641 4074 dicit
1679 4021 1715 4076 Ι).
1741 4020 1925 4092 augustinus,

1125 4089 1206 4162 epist.
1238 4089 1297 4145 118.
1327 4086 1394 4145 1666
1422 4087 1564 4144 Honorius
1589 4087 1637 4144 hie
1661 4089 1805 4146 omnibus
1831 4089 1926 4146 diebus

1125 4159 1214 4228 lestis,
1228 4167 1256 4216 61
1271 4158 1416 4215 1611611666
1431 4159 1535 4215 missas
1546 4158 1696 4217 celebrare
1703 4160 1804 4289 dubet.

1159 4231 1203 4288 Ad
1219 4229 1374 4302 pleniorem
1390 4229 1606 4302 intelligentiam
1623 4245 1689 4303 cap.
1724 4276 1732 4301 ‚
1747 4233 1926 4300 0166616166-

1124 4306 1203 4372 tura,
1225 4301 1258 4358 de
1281 4300 1409 4356 celebrat.
1435 4300 1563 4367 missar„
1590 4300 1768 4372 adjiciemus
1799 4300 1927 4376 qtraedam

1125 4387 1160 4429 ex
1175 4373 1285 4444 integra
1300 4370 1449 4438 Decretali,
1466 4385 1529 4442 quae
1544 4370 1665 4428 habetur
1679 4373 1711 4429 in
1724 4375 1800 4446 lieg.
1814 4369 1929 4430 Houorii

1124 4443 1171 4500 lib.
1193 4444 1216 4512 l,
1233 4459 1267 4500 ex
1283 4455 1337 4514 666
1354 4440 1408 4497 666
1422 4455 1485 4513 666.
1500 4441 1683 4514 desumptum
1700 4451 1749 4501 est
1767 4461 1775 4501 :

1161 4515 1234 4571 Sane
1262 4513 1426 4584 accepimus
1448 4512 1555 4569 66111661
1580 4513 1702 4571 minime
1732 4521 1929 4587 acceptamus,

1124 4583 1199 4655 6666
1223 4583 1401 4664 inpartibus
1428 4583 1540 4650 vestris,
1564 4583 1769 4656 multiplicatis
1797 4586 1930 4643 anniver-

1124 4655 1207 4710 sariis
1233 4653 1429 4710 detunctorum
1456 4653 1617 4725 exquibus
1647 4669 1682 4711 ea
1718 4655 1933 4713 celebrantibus

1124 4723 1305 4780 6666666661
1321 4723 1437 4781 obvenit
1450 4724 1622 4806 temporalc3
1644 4725 1770 4796 6616616
1787 4729 1817 4784 16
1834 4726 1930 4782 catire-

1124 4794 1248 4852 dralibus
1276 4802 1304 4850 et
1338 4794 1574 4852 conventualibus
1607 4797 1759 4866 eeclesiis,
1796 4805 1935 4870 praetextu

1124 4867 1219 4922 missae
1234 4864 1324 4921 semel
1341 4864 1368 4920 in
1384 4864 1430 4921 616
1446 4881 1495 4938 pro
1516 4865 1716 4923 anniversario
1738 4867 1934 4925 celebrandae.

1124 4950 1203 4992 sacra
1227 4936 1378 4991 missarum
1401 4936 1549 5003 solemnia,
1572 4951 1636 5008 6666
1660 4938 1782 4994 1611666
1806 4939 1866 4996 6161
1892 4937 1937 4994 vel

1125 5006 1187 5063 iesti
1203 5007 1294 5063 solent
1315 5006 1471 5063 solemnius
1496 5006 1643 5075 celebrari,
1668 5009 1817 5081 culpabili
1844 5009 1937 5082 negli-

1124 5077 1221 5205 ᾗ66116
1256 5077 1485 5149 6161616111661;
1517 5077 1597 5149 quasi
1625 5091 1681 5133 non
1719 5081 1784 5136 siut
1817 5080 1937 5152 obligati

1148 5149 1254 5216 aurine,
1270 5148 1408 5218 66166661
1425 5149 1562 5205 Dominus
1575 5147 1646 5205 iorte
1662 5163 1716 5220 pro
1736 5152 1834 5209 tantis
1852 5149 1938 5209 obse·

1123 5220 1197 5348 6666
1212 5233 1268 5275 666
1281 5219 1423 5274 6611166161
1441 5219 1484 5276 616
1497 5234 1576 5292 aequa
1594 5220 1803 5279 vicissitudine
1819 5237 1940 5295 respon·

1143 5289 1315 5370 61666116
1349 5288 1505 5346 verendum
1535 5297 1640 5347 66166
1668 5291 1721 5363 661
1754 5299 1840 5349 16616
1874 5307 1945 5350 curn

1124 5361 1248 5432 66661116
1281 5367 1308 5417 61
1336 5360 1513 5432 negligentia
1540 5359 1669 5418 laborare
1697 5370 1886 5432 noscuntur,
1914 5365 1945 5418 in

1123 5431 1294 5489 obstinatam
1312 5430 1449 5486 malitiam
1477 5431 1666 5503 prolabentes,
1685 5433 1746 5488 etsi
1775 5449 1839 5490 non
1859 5449 1942 5501 voce,

1123 5501 1197 5575 quod
1211 5509 1254 5558 est
1271 5502 1390 5584 gravius
1405 5499 1478 5559 lacto
1499 5502 1594 5560 616661
1609 5503 1695 5574 :Quis
1720 5512 1771 5562 cst
1797 5506 1945 5564 Dominus

1122 5581 1153 5630 ut
1168 5574 1327 5631 serviamus
1342 5578 1444 5642 66616.
1633 5579 1635 5586 ’
