4066 6294
104 371 138 430 49
726 365 835 428 obbo
859 356 1076 422 nestatius,

105 548 217 627 populo
239 546 280 608 ad
304 543 479 606 ecclesiam
493 533 552 622 (l),
571 545 604 606 et
625 544 704 606 dicit
726 545 894 606 orationes

107 647 271 714 solemnes,
288 643 375 705 sicut
399 643 434 702 in
450 643 543 703 sexta
557 641 652 702 feria.
666 643 725 702 His
741 642 892 720 expletis,

107 743 245 807 osculato
269 741 368 803 altari
393 741 570 818 egreditur.
597 739 785 817 Presbyteri
814 755 894 801 vero

107 842 217 904 urbani
243 840 476 908 ecclesiarum,
502 837 748 916 suburbanique
774 854 892 900 rerer-

107 941 213 1002 tuntur
232 939 273 1000 ad
295 939 410 1000 titulos
434 953 522 998 suos.
537 938 576 998 ut
589 937 651 998 hoc
672 936 788 998 ordine
808 936 894 998 feria

108 1040 193 1100 sexta
203 1037 400 1114 compleant,
414 1036 555 1097 scientes
568 1035 654 1112 quod
667 1033 724 1095 ubi
740 1033 895 1096 Pontifex

108 1153 160 1214 pro
183 1152 217 1196 se
237 1134 421 1206 intermitit,
449 1133 496 1194 ibi
510 1132 605 1194 illum
625 1131 891 1194 commemorent.

141 1236 188 1294 Q.
203 1235 320 1294 Postea
333 1247 412 1294 vero
432 1231 515 1293 hora
528 1231 644 1294 octava
663 1231 895 1308 ingrediuntur

109 1333 281 1393 admissam
290 1346 381 1392 more
394 1329 502 1406 solit03
513 1330 652 1407 ideoque
663 1329 715 1390 hae
726 1330 893 1390 orationes

110 1430 198 1490 hodie
210 1428 429 1496 celebrantur,
443 1425 521 1505 quia
544 1429 578 1488 in
593 1427 656 1489 hac
670 1427 754 1488 feria
777 1427 893 1504 quarta

110 1526 273 1588 consitium
305 1524 456 1586 fecerunt
489 1524 613 1593 ludaei,
641 1524 677 1585 ut
707 1523 894 1586 occiderent

110 1625 274 1685 Christum.
287 1625 389 1701 Cujus
404 1622 471 1683 diei
485 1623 585 1683 missa
598 1622 679 1683 duas
693 1623 850 1684 lectiones
862 1625 894 1685 et

111 1724 167 1783 duo
188 1721 395 1799 responsoria
418 1737 492 1782 cum
513 1721 673 1782 Passione
694 1720 804 1790 habet,
821 1737 893 1798 quae

111 1821 174 1881 sine
187 1819 382 1881 salutatione
397 1820 640 1896 pronuntiatur.
659 1823 723 1880 Per
736 1819 803 1881 tres
819 1835 895 1880 con·

111 1919 221 1986 tinuos,
244 1919 300 1994 qui
323 1919 517 1994 sequuntur,
534 1917 615 1986 dies,
635 1917 667 1978 id
693 1917 743 1979 est
764 1919 892 1994 quinta,

112 2017 206 2084 sexta,
221 2017 251 2076 et
272 2015 412 2092 septima
434 2014 529 2084 feria,
554 2016 742 2078 triduanam
761 2016 892 2076 Domini

113 2091 540 2190 sepulturam⁸celebramus
562 2117 678 2175 Gloria
701 2115 806 2174 Patri
827 2129 893 2174 non

113 2211 220 2272 dicitur
235 2227 427 2290 :campanae
443 2211 552 2272 silent.

149 2381 199 2440 XI.
221 2383 306 2447 etita
320 2383 479 2444 dontinus
494 2387 592 2458 Papo
604 2385 720 2457 facere
735 2384 853 2444 ueneat

335 2483 371 2542 tu
385 2483 490 2542 Goertu
501 2484 649 2542 Dormiat.

145 2613 291 2673 23.Peria
303 2613 418 2690 quinta
430 2615 465 2675 in
477 2615 893 2676 CoenaDomiuidescendit

115 2707 249 2770 domnus
262 2713 353 2788 Papa
367 2712 409 2772 ad
431 2713 606 2774 ecclesiam
622 2713 735 2773 Sancti
753 2713 891 2775 ioannis

115 2808 330 2870 bateranensis
359 2827 433 2870 cum
458 2810 555 2871 mitra
583 2811 654 2871 sino
680 2810 784 2882 frisio,
809 2810 892 2872 hora

116 2907 193 2966 sexta
209 2928 216 2965 :
232 2907 263 2968 et
278 2905 366 2968 facta
381 2908 531 2969 oratione
553 2910 628 2970 ante
644 2925 769 2978 cruces,
786 2909 893 2985 pergit

116 3003 147 3061 ad
161 3006 368 3066 secretarium
388 3006 428 3066 ad
442 3005 618 3068 ecclesiam
632 3007 743 3068 Sancti
758 3007 891 3068 Thomae

117 3117 176 3160 cum
190 3102 362 3180 episcopis,
377 3103 613 3172 cardinalibus,
628 3103 660 3164 et
677 3103 752 3164 aliis
766 3103 893 3164 ordini-

117 3196 177 3258 bus:
190 3199 298 3277 ibique
312 3201 423 3262 cantat
434 3203 575 3262 Nonam.
590 3201 714 3262 Deinde
733 3218 812 3264 vero
834 3202 891 3263 in-

118 3295 172 3356 duit
185 3314 218 3358 se
230 3315 334 3375 usque
349 3299 391 3360 ad
406 3299 628 3368 dalmaticam,
645 3303 677 3361 et
697 3299 838 3362 induunt
857 3317 892 3363 se

118 3392 227 3456 diaconi
261 3395 448 3460 cardinales
478 3396 679 3469 dalmaticis,
709 3398 892 3474 presbyteri

119 3491 237 3566 planetis
259 3495 292 3556 et
313 3495 432 3556 mitris.
452 3497 543 3556 Tunc
564 3496 807 3572 praesentantur
829 3496 891 3556 do-

119 3591 189 3652 mino
202 3595 311 3670 Papae.
327 3593 503 3654 Sciendum
517 3594 664 3670 estquod
678 3593 823 3672 acolythi
840 3594 894 3654 de·

119 3684 178 3749 bent
199 3691 346 3768 recipere
367 3691 407 3752 de
430 3691 527 3752 altari
553 3692 657 3752 sancti
683 3691 772 3752 Petri
793 3709 892 3753 uuam

120 3787 296 3861 aquaritiam
308 3785 355 3866 (2)
373 3788 448 3857 olei,
459 3789 491 3850 et
505 3788 653 3857 fanones,
667 3789 698 3850 et
713 3790 890 3866 ampullas:

121 3884 141 3943 et
158 3885 355 3946 camerarius
377 3885 472 3948 debet
491 3888 559 3948 tres
588 3887 742 3948 denarios
764 3889 892 3964 pensati

121 3975 247 4043 balsami.
273 3984 500 4045 Praesentatnr
521 3987 628 4062 major
648 3985 793 4062 ampulla
818 4003 892 4047 cum

123 4077 175 4140 oleo
197 4097 215 4141 a
236 4082 348 4158 priore
367 4081 518 4151 diacono,
538 4083 570 4144 et
581 4083 745 4145 residente
766 4084 838 4161 ipso
858 4085 892 4145 in

123 4177 179 4238 sede
199 4195 268 4248 sua,
284 4179 385 4240 mittit
398 4179 581 4240 balsamum
597 4181 631 4241 in
647 4181 719 4257 ipsa
734 4182 891 4258 ampulla,

124 4274 145 4333 et
158 4277 266 4338 miscet
288 4275 474 4338 balsamum
502 4279 575 4339 oleo
600 4295 674 4339 cum
696 4279 892 4356 quibusdam

124 4372 280 4444 panarum
294 4375 504 4436 ramusculis.
520 4376 731 4436 Postmodum
746 4393 824 4437 vero
837 4393 894 4437 re-

126 4471 231 4542 ponitur
243 4473 388 4549 ampulla
402 4489 501 4550 super
511 4473 615 4534 altare
627 4474 732 4534 sancti
741 4474 891 4534 'l‘homaez

126 4579 168 4640 quo
188 4567 281 4638 facto,
301 4569 411 4632 induit
431 4586 465 4630 se
482 4571 633 4631 dominus
647 4569 801 4632 Pontifex
821 4571 894 4649 pla-

127 4665 209 4726 netam
228 4669 258 4730 et
282 4667 414 4729 mitram
436 4668 697 4744 aurifrixiatam3
721 4670 893 4746 pergitque

126 4760 299 4834 admissam,
314 4765 576 4842 praecedentibus
596 4767 719 4843 septem
737 4768 842 4828 cereis
857 4768 891 4828 in

127 4863 221 4935 septem
242 4861 451 4924 candelabris
471 4880 545 4923 cum
567 4865 790 4941 processione,
807 4864 893 4928 sicut

128 4963 268 5023 consuerit
282 4961 317 5022 in
330 4960 457 5023 festivis
472 4961 548 5022 aliis
563 4960 689 5023 diebus.

152 5057 893 5136 lttt'otandumveroquodfaculasetcandela·

59 5231 60 5248 χ
128 5146 256 5217 incuria
267 5156 364 5218 debet
373 5155 463 5218 dare.
473 5157 640 5227 introitus,
648 5161 764 5220 Gloria
775 5161 889 5227 Potra',

127 5247 201 5322 farte
212 5257 349 5328 cleison,
359 5257 477 5316 Gloria
489 5258 525 5316 tu
534 5259 679 5318 executa
688 5261 769 5328 Deo,
780 5258 890 5318 omnia

128 5341 334 5414 istadicuntur.
352 5353 427 5414 Non
440 5351 552 5412 dicant
566 5351 762 5429 symbolum.
775 5355 823 5415 Ita
835 5355 892 5416 ha-

127 5437 191 5508 betur
204 5451 237 5510 in
252 5450 336 5511 libro
349 5465 443 5526 papae
455 5446 505 5528 (a)
522 5449 656 5512 Gelasii.
673 5451 735 5513 Sed
757 5467 817 5514 nos
839 5452 891 5514 di-

151 5589 178 5662 ttt
194 5596 535 5657 saint-lean-do-Latrau.

152 5665 179 5736 a)
194 5670 242 5727 ltel
268 5669 428 5741 aquaricia,
452 5685 505 5727 vas
528 5671 604 5743 quod
629 5679 673 5730 est
687 5673 716 5730 ln
739 5688 791 5731 usu
814 5674 890 5747 opud

130 5730 234 5796 latos-
246 5743 387 5810 Panopes,
402 5739 499 5810 fascia,
513 5741 597 5813 lippa.

1705 360 1746 428 50
1851 411 1856 426 .

950 541 1054 602 cimus
1088 539 1271 618 symbolum
1300 539 1433 619 propter
1460 543 1741 606 consecrationem

950 638 1275 700 chrismatisPacem
1291 639 1377 702 inter
1389 657 1425 702 se
1439 657 1506 702 non
1521 641 1614 703 dent:
1629 657 1743 703 serve-

949 739 1002 800 tur
1017 737 1057 799 de
1072 737 1190 798 oblatis
1204 761 1209 798 :
1223 741 1358 816 sanguis
1371 740 1502 817 penitus
1515 743 1739 804 consumatur.

950 838 1095 898 irenaeus
1112 857 1119 897 ε
1136 836 1258 899 «Absit
1274 838 1309 899 ut
1323 837 1527 900 dissonantia
1549 839 1635 908 festi,
1652 841 1741 902 cari-

950 935 1026 996 tatis
1050 937 1083 996 et
1104 936 1240 997 unitatis
1265 939 1516 1000 consonantiam
1541 940 1741 1017 corrumpat.

949 1033 1065 1093 Omnia
1081 1034 1177 1110 signa
1189 1034 1380 1111 productius
1403 1035 1498 1097 solito
1520 1037 1693 1113 pulsentur
1707 1039 1742 1097 in

949 1130 1164 1193 classicum.»
1179 1133 1337 1194 cantatur
1352 1137 1468 1196 Gloria
1477 1138 1664 1197 tricacetsis
1672 1140 1743 1196 Deo

949 1230 1020 1290 sine
1036 1229 1194 1307 symbolo,
1209 1231 1306 1308 atque
1322 1233 1451 1293 dicatur
1462 1236 1580 1309 Aquas
1591 1237 1655 1294 Dei
1672 1231 1743 1294 abs·

949 1345 1011 1404 que
1024 1329 1148 1390 osculo.
1159 1331 1237 1391 Post
1250 1331 1518 1408 praedicationem
1528 1347 1606 1392 sero
1618 1330 1743 1391 domini

949 1429 1047 1503 Papae
1063 1427 1193 1488 diaconi
1209 1428 1395 1490 cardinales
1409 1429 1520 1490 terrant
1537 1445 1684 1490 mensam
1703 1429 1742 1489 de

948 1524 1058 1595 altari,
1075 1525 1107 1587 et
1127 1525 1249 1587 nudato
1273 1526 1372 1587 altari
1393 1527 1519 1604 ponunt
1533 1543 1606 1586 eam
1626 1526 1661 1586 in
1686 1543 1742 1588 se-

949 1625 1037 1684 creto
1068 1624 1140 1685 loco
1167 1647 1174 1684 :
1200 1626 1232 1688 et
1254 1625 1411 1686 extractis
1436 1624 1563 1686 duabus
1587 1623 1742 1701 ampullis

948 1739 1023 1783 cum
1047 1723 1209 1799 sanguino
1226 1725 1258 1784 et
1281 1740 1367 1800 aqna
1392 1724 1524 1794 Christi,
1550 1723 1744 1800 cooperiunt

949 1821 1055 1897 ipsum
1072 1821 1176 1881 altare
1188 1821 1301 1890 linteo,
1314 1823 1429 1897 etpost
1444 1822 1578 1881 missam
1594 1837 1653 1898 per
1665 1837 1743 1898 qua-

948 1919 1024 1979 tuor
1050 1919 1190 1995 angutos
1210 1919 1291 1979 illud
1307 1918 1485 1994 sigillatur.
1513 1923 1620 1992 Quum
1631 1918 1741 1979 autem

948 2017 1098 2093 praefatio
1120 2017 1306 2090 inchoatur,
1332 2017 1456 2078 vauunt
1480 2017 1611 2078 diaconi
1633 2015 1744 2077 cardi-

948 2115 1041 2176 nales
1057 2133 1130 2177 cum
1146 2115 1357 2176 subdiaconis
1373 2117 1405 2177 et
1419 2115 1581 2191 acolythis
1597 2130 1655 2191 pro
1671 2130 1744 2174 am-

948 2215 1047 2291 pullis
1070 2213 1247 2275 afforendis
1262 2214 1303 2274 ad
1324 2213 1596 2281 benedicendum,
1612 2227 1742 2290 praece·

948 2312 1045 2374 dente
1069 2329 1200 2374 cilicem
1218 2311 1393 2374 thuribulo
1418 2312 1451 2373 et
1469 2311 1596 2372 duobus
1619 2310 1740 2385 cereis;

947 2413 1124 2489 antequam
1149 2411 1278 2472 dicatur
1305 2415 1379 2472 Per
1400 2426 1500 2484 quem
1521 2415 1592 2473 lewe
1613 2411 1740 2480 cereata,

947 2509 1099 2570 dominus
1110 2509 1265 2572 Pontifex
1276 2508 1442 2570 benedicit
1456 2508 1565 2570 oleum
1578 2524 1637 2586 pro
1653 2506 1743 2567 infir-

947 2609 1021 2681 mis,
1043 2609 1129 2670 sicut
1149 2608 1323 2668 inordina
1348 2607 1545 2669 continetur.
1565 2605 1742 2682 Postquam

946 2722 1025 2766 xero
1036 2706 1169 2773 dixerit,
1183 2711 1265 2766 Pur
1277 2709 1416 2766 Dersaioi
1428 2706 1474 2765 sii
1486 2719 1625 2777 serrrper
1636 2705 1743 2764 vobis·

946 2821 1035 2876 caetra,
1059 2803 1280 2865 communicat
1303 2802 1393 2862 solus
1415 2801 1569 2862 Pontifex
1590 2799 1666 2860 ante
1686 2798 1740 2858 al-

946 2904 1030 2972 tare,
1047 2904 1079 2964 et
1093 2901 1252 2963 diaconus
1267 2901 1441 2962 confirmat
1456 2915 1530 2960 eum
1546 2915 1620 2960 cum
1637 2896 1741 2958 calice

947 3000 1005 3060 itta
1022 2999 1246 3060 tantummodo
1262 2998 1325 3060 die.
1343 2997 1466 3060 Deinde
1491 2996 1582 3073 ponit
1606 2994 1743 3056 calicem

948 3113 1047 3174 super
1061 3098 1176 3168 altare,
1194 3097 1226 3158 et
1238 3097 1390 3174 patenam
1401 3094 1498 3173 juxta
1514 3109 1600 3162 eum,
1617 3093 1649 3154 et
1664 3107 1744 3153 con-

946 3197 1040 3257 tinuo
1054 3195 1201 3272 cooperit
1215 3197 1391 3271 utrumque
1412 3193 1452 3253 de
1468 3191 1605 3253 sindone
1620 3189 1742 3251 munda

948 3296 1020 3371 post
1043 3293 1215 3370 corporale
1238 3309 1420 3369 expansum
1445 3313 1451 3350 :
1475 3290 1651 3366 statimque
1678 3289 1743 3350 duo

948 3391 1093 3468 acolythi
1106 3391 1219 3452 tenent
1233 3389 1395 3468 ampullas
1410 3388 1576 3450 insolutas
1590 3404 1663 3448 cum
1678 3387 1744 3446 sin·

948 3490 1032 3551 done
1055 3489 1130 3550 alba
1148 3489 1254 3550 serica
1276 3489 1311 3547 in
1331 3487 1465 3547 sinistro
1480 3484 1628 3554 brachio,
1645 3483 1692 3543 ita
1708 3485 1744 3545 ut

947 3587 1053 3648 rideri
1079 3587 1206 3664 possint
1218 3602 1237 3646 a
1251 3586 1358 3646 medio
1376 3607 1383 3644 ε
1401 3584 1433 3645 et
1449 3583 1585 3645 veniens
1601 3597 1686 3641 unus
1702 3580 1742 3642 do

948 3685 1142 3747 diaconibus
1157 3684 1277 3761 accipit
1292 3699 1390 3743 unam
1406 3681 1585 3758 ampullam
1610 3680 1649 3740 de
1670 3679 1744 3740 bal-

948 3801 1039 3846 samo
1055 3784 1203 3851 mixtam,
1214 3783 1246 3843 et
1256 3783 1365 3860 portat
1377 3779 1627 3852 archidiacon03
1645 3775 1744 3838 etille

948 3883 1052 3944 defert
1074 3881 1227 3943 Pontifici
1251 3882 1326 3942 ante
1342 3879 1458 3940 altare.
1474 3881 1565 3938 Turro
1590 3875 1744 3937 Pontifex

947 3981 1129 4059 respiciens
1142 3979 1363 4046 adorientem,
1375 3975 1742 4038 diaconotenenteam-

948 4079 1072 4156 pullam
1085 4078 1161 4139 ante
1177 4079 1285 4155 ipsum
1298 4077 1332 4136 in
1348 4076 1482 4136 sinistro
1496 4073 1632 4134 brachio
1647 4073 1745 4134 invo-

948 4177 1050 4238 lutam
1066 4176 1215 4242 sindone,
1227 4174 1319 4234 halat
1330 4177 1382 4234 ter
1396 4174 1430 4232 in
1445 4171 1635 4248 ampullam,
1650 4169 1686 4230 ut
1696 4169 1745 4228 in·

946 4275 1012 4336 iret
1034 4275 1069 4333 in
1088 4271 1370 4333 consecrationem
1386 4268 1585 4329 chrismatis.
1604 4267 1643 4327 ut
1663 4265 1744 4326 dicit

948 4371 1080 4434 excelsa
1094 4386 1186 4442 soce,
1201 4372 1348 4430 Sursum
1366 4369 1487 4437 corda·
1511 4362 1740 4440 respondetur,

947 4475 1123 4533 Habemus
1143 4471 1187 4530 ud
1208 4469 1404 4529 Douzinuuz.
1426 4465 1567 4525 Gratias
1583 4477 1740 4538 operatus,

948 4571 1008 4631 etc.
1035 4567 1122 4628 sicut
1148 4567 1184 4626 in
1207 4565 1327 4626 Ordine
1351 4562 1548 4624 continetur.
1574 4559 1741 4638 completa

947 4665 1186 4730 benedictione,
1202 4661 1367 4723 benedicit
1389 4659 1568 4736 ampullam
1583 4657 1660 4729 olei,
1679 4657 1742 4717 de-

947 4766 1048 4826 latam
1065 4761 1260 4838 ordineque
1277 4775 1376 4837 supra
1394 4780 1400 4818 :
1418 4759 1450 4820 et
1473 4756 1627 4818 similiter
1651 4753 1744 4816 balat

946 4863 981 4926 in
994 4863 1112 4939 ipsam,
1129 4860 1185 4921 sed
1202 4859 1318 4933 tacite;
1343 4857 1374 4919 et
1389 4857 1661 4925 dicionemque
1679 4869 1743 4914 vo-

947 4965 1085 5024 biscum.
1100 4957 1223 5027 Oratio,
1240 4961 1332 5019 Doris
1353 4954 1657 5023 irzcrcaeeatormo,
1679 4952 1741 5012 etc.

947 5063 1050 5120 Porro
1079 5057 1239 5134 ampulla,
1270 5069 1343 5132 queo
1372 5069 1446 5114 cum
1473 5051 1651 5112 chrismate
1679 5048 1741 5119 est,

946 5157 1057 5220 statim
1070 5157 1106 5217 ut
1120 5153 1292 5216 benedicta
1307 5150 1417 5220 fuerit,
1434 5149 1655 5226 cooperiatur,
1672 5147 1741 5208 uta

946 5255 1078 5316 nemine
1092 5253 1244 5314 videatur
1261 5272 1267 5310 :
1285 5249 1341 5310 sed
1361 5248 1500 5308 diacono
1522 5246 1665 5315 tenente,
1682 5245 1743 5306 do-

946 5354 1055 5415 minus
1071 5355 1161 5428 Papa
1176 5347 1298 5410 salutat
1312 5363 1396 5418 eam,
1407 5346 1439 5407 et
1453 5345 1544 5413 dicit,
1560 5348 1632 5407 Ave
1646 5359 1742 5406 sane

946 5453 1020 5515 taor
1042 5451 1204 5517 chrisma,
1224 5445 1331 5508 tribus
1355 5443 1495 5513 vicibus,
1519 5444 1551 5504 et
1572 5441 1742 5505 osculatur

982 5601 1119 5676 (atttthtt
1133 5598 1273 5674 ejusmodi
1289 5597 1393 5678 legitur
1410 5597 1436 5652 in
1453 5595 1537 5650 Libro
1555 5593 1743 5674 chrroruoatq

946 5691 1009 5756 rum
1025 5673 1184 5801 ίῐῗξέὲιὶεὶαιιο,
1200 5685 1283 5744 quent
1304 5669 1430 5728 eruribus
1448 5667 1618 5724 Thoumsms
1638 5659 1742 5733 publici

942 5761 1014 5816 plns
1041 5760 1072 5801 c*
1098 5782 1106 5798 .
