3988 6302
82 383 147 446 201

610 397 766 473 QUINTA
788 403 1052 474 contristato.
1074 411 1151 474 LIB.
1170 411 1210 474 11.
1672 419 1733 482 202

84 549 250 624 priorem,
274 566 313 614 ae
340 551 460 616 iratres
487 557 660 636 hospitalis
689 563 728 625 de
752 567 884 628 Parieic
940 568 1072 635 duxerit
1086 576 1324 652 producendos,
1350 579 1379 639 si
1399 577 1491 640 vobis
1507 577 1593 641 inira
1609 579 1731 645 dictum

83 648 246 710 Assimat.
261 650 414 714 dioecesis
428 669 472 716 ex
486 656 592 719 altera
606 662 757 736 vertitur,
772 678 846 726 ven.
861 662 882 725 i.
939 669 1068 748 tempus
1078 674 1263 736 constiterit
1275 676 1384 753 ipsum
1393 677 1582 755 episcopum
1598 696 1733 741 encom-

82 760 120 803 n.
140 745 258 807 Alban.
281 749 470 827 episcopum
487 749 533 832 (c)
549 765 664 818 eorum
690 761 886 836 procurato-
939 771 1163 832 medicatione
1186 771 1334 849 ligatum,
1366 775 1434 837 litis
1461 778 1732 840 contestationem

84 842 184 905 ribus
203 845 239 906 in
255 847 368 909 nostra
383 852 561 926 praesentia
580 855 768 919 constitutis
792 858 886 920 dedi·
939 867 1065 928 nullam
1080 884 1153 931 esse
1167 872 1298 947 penitus
1310 873 1489 950 nuntietis3
1513 875 1662 952 alioquin
1676 893 1734 937 sn-

84 955 165 1004 mus
193 943 388 1018 auditorem,
407 951 603 1024 procurator
636 955 783 1033 episcopi
806 955 887 1018 obe-
939 978 999 1040 per
1009 966 1187 1044 principali
1202 970 1334 1046 negotio
1364 970 1405 1032 ad
1427 973 1650 1050 receptionem
1665 975 1734 1036 ies-

85 1038 250 1102 dientiam
265 1042 299 1105 et
317 1048 538 1110 reverentiam
551 1049 592 1111 ab
608 1051 731 1114 eisdem
761 1054 883 1131 priore,
939 1061 1022 1122 Hum
1045 1065 1259 1139 procedentes
1283 1082 1396 1130 eorum
1412 1070 1499 1133 dicta
1528 1071 1589 1133 sub
1613 1072 1733 1134 vestris

84 1152 129 1198 ac
145 1138 315 1214 tratribus,
331 1143 579 1223 etomniajura
601 1149 804 1229 episcopalia
818 1153 885 1214 tam
940 1158 1069 1222 inclusa
1097 1162 1216 1238 sigillis
1244 1163 1339 1226 nobis
1375 1167 1516 1230 fideliter
1543 1170 1730 1242 remittatis,

85 1235 290 1344 spiritualia,
305 1255 403 1316 quam
417 1241 613 1321 temporalia
623 1246 658 1308 in
678 1249 792 1310 eodem
807 1249 888 1312 hos-
941 1259 1017 1320 ante
1032 1260 1273 1324 restitutionem
1288 1265 1399 1326 tamen
1412 1265 1493 1338 vini,
1511 1267 1538 1328 si
1555 1267 1594 1328 de
1610 1267 1735 1345 spolia-

84 1333 202 1410 p1tali,
225 1350 265 1398 ac
288 1337 393 1416 ipsius
413 1341 554 1404 ecclesia
576 1345 739 1420 exigebat.
758 1350 888 1409 Proeu-
940 1355 1031 1419 tione
1049 1359 1244 1434 constiterit,
1264 1345 1313 1422 ¹ad
1337 1363 1485 1442 ipsorum
1511 1367 1752 1442 receptionem¹

84 1431 185 1494 rator
208 1449 288 1498 vero
317 1438 507 1501 eorumdem
535 1441 656 1518 prioris
684 1445 718 1506 et
747 1443 886 1506 fratrum
941 1454 1074 1518 testium
1102 1456 1290 1521 nullatenus
1341 1463 1540 1538 processuri,
1572 1462 1735 1540 adquam

85 1530 288 1637 excipiendo
316 1537 519 1612 proponebat
537 1540 663 1613 contra,
684 1541 771 1620 quod
786 1558 886 1620 (tuum
942 1553 970 1614 si
1007 1553 1107 1617 tuerit
1140 1557 1393 1633 procedendum,
1421 1575 1520 1637 super
1553 1576 1737 1623 reconven-

84 1625 181 1688 idem
200 1629 384 1708 episcopus,
401 1649 461 1710 pro
477 1650 516 1696 eo
540 1637 626 1713 quod
653 1636 689 1700 in
715 1638 887 1716 AEgidium
941 1651 1042 1725 tione,
1078 1653 1108 1714 si
1143 1671 1241 1732 quam
1277 1673 1355 1733 pars
1394 1657 1569 1734 hospitalis
1604 1658 1737 1721 duxerit

85 1725 333 1832 ptesblttePUQ
356 1731 389 1792 θΙ
409 1730 545 1794 fratrem
560 1747 675 1798 eorum
690 1751 887 1800 conversum
942 1748 1147 1823 faciendam,
1178 1769 1277 1830 quum
1306 1755 1413 1816 dictus
1443 1757 1638 1832 procurator
1663 1772 1736 1818 eam

86 1822 386 1888 uiolentasmanus
401 1828 544 1892 triennio
568 1833 640 1909 jam
667 1833 780 1912 elapso
802 1836 889 1913 inje-
943 1862 1055 1910 coram
1081 1847 1232 1912 audiere
1246 1851 1320 1927 ipso
1335 1851 1434 1915 tuerit
1458 1854 1668 1929 protestatus,
1686 1854 1738 1915 fa-

87 1921 889 2025 cerat,excommunicationislin0u10(0)tenere·
943 1945 1039 2008 ciatis
1064 1946 1133 2008 litis
1148 1948 1422 2010 contestationem
1448 1950 1521 2012 lieri
1543 1952 1736 2029 priusquam

87 2019 159 2092 tur,
176 2023 347 2084 conveniri
369 2039 436 2086 non
455 2027 584 2105 poterat
606 2044 668 2092 nec
694 2029 833 2092 debebat
847 2030 888 2093 ab
943 2043 984 2104 ad
997 2043 1219 2121 receptionem
1234 2046 1367 2108 testium
1381 2047 1587 2124 procedatur.

87 2116 177 2194 ipso,
193 2120 249 2196 qui
258 2135 319 2198 per
328 2136 375 2194 se,
390 2123 442 2184 vel
452 2127 699 2201 procuratorem
713 2143 887 2206 personam

88 2214 205 2276 standi
233 2217 418 2296 injudicio
444 2236 510 2284 nou
525 2223 698 2300 ¹habebat3
726 2224 887 2304 adjiciens

88 2312 180 2388 quod
204 2313 292 2375 idem
311 2316 475 2394 hospitale
493 2320 635 2396 quadam
656 2323 727 2384 vini
755 2325 889 2401 quanti-

87 2409 159 2472 tate
174 2409 285 2474 iuerat
301 2429 362 2490 per
376 2416 526 2479 eumdem
548 2419 738 2498 episcopum
764 2423 890 2499 spolia-

88 2508 175 2580 tum,
188 2510 221 2570 et
235 2509 309 2574 ideo
323 2513 364 2572 ad
374 2515 638 2592 respondendum
653 2518 714 2592 illi,
728 2517 793 2580 nisi
810 2519 890 2582 hos-

89 2607 190 2683 pitali
223 2609 315 2686 prius
349 2611 502 2676 restituto
541 2630 578 2676 se
617 2616 788 2694 proposuit
822 2633 889 2679 non

88 2705 212 2766 teneri.
243 2709 444 2772 Memoratus
469 2712 579 2774 autem
604 2713 737 2776 auditor
762 2730 804 2776 ne
832 2715 889 2776 diu

89 2805 333 2880 prorogaretur
357 2809 525 2884 negotium
550 2810 586 2871 in
613 2812 758 2888 partium
786 2812 891 2875 detri-

91 2901 254 2976 mentum,
270 2903 362 2966 litem
378 2905 458 2970 tecit
471 2923 583 2970 coram
599 2924 635 2970 se
649 2909 795 2985 legitime
811 2924 892 2972 con-

1192 2243 1407 2332 TITULUS
1433 2247 1490 2332 lv

1150 2428 1193 2474 nn
1214 2430 1448 2478 enimomnes
1470 2414 1529 2494 (1).
1579 2415 1584 2470 Ι

1084 2559 1251 2632 Episcopo
1283 2560 1501 2620 Ferentiueii
1537 2557 1595 2636 (2).

1223 2776 1225 2782 .
1257 2727 1394 2789 CAPUT
1409 2729 1433 2787 Ι.

986 2901 1119 2966 Litterae
1134 2904 1200 2966 tuae
1222 2919 1261 2965 ac
1284 2905 1400 2982 petitio
1415 2903 1527 2967 dilecti
1548 2905 1608 2967 tilii
1624 2902 1669 2984 (e)
1685 2920 1742 2966 ar-

89 3000 212 3060 testari
229 3018 236 3056 :
252 3001 299 3064 ita
313 3002 478 3077 videlicet,
496 3006 582 3082 quod
598 3006 627 3068 si
641 3007 729 3070 inira
744 3024 891 3071 mensem
946 2999 1187 3078 ebipresbyteri
1213 3003 1404 3064 sanctorum
1429 3003 1552 3063 Priscae
1568 3003 1600 3064 et
1613 3001 1741 3080 Aquilae

89 3099 168 3174 post
183 3100 663 3180 susceptionempraesentium
687 3104 727 3167 de
741 3106 892 3182 praedicti
946 3098 1054 3160 denuo
1080 3098 1175 3161 nobis
1206 3100 1363 3163 exhibitae
1391 3091 1624 3173 'continebant
1655 3099 1741 3177 quod

89 3195 243 3272 episcopi
262 3200 603 3263 excommunicatione
618 3203 814 3276 constiterit,
831 3219 892 3280 pro
948 3213 1047 3274 quum
1061 3212 1206 3269 causam,
1222 3213 1295 3274 <1ssae
1321 3198 1530 3274 interipsum
1551 3199 1742 3274 archipres-

90 3291 188 3352 nullo
208 3293 277 3355 litis
304 3296 499 3360 contestatio
528 3298 699 3361 habeatur.
731 3301 892 3372 Quocirca
946 3293 1097 3372 hyterum
1111 3309 1154 3355 01
1168 3311 1235 3356 una
1249 3296 1354 3372 parte,
1372 3295 1404 3356 θῖ
1417 3294 1546 3356 nobiles
1568 3296 1658 3356 Vims
1673 3299 1742 3356 An·
1771 3331 1774 3341 ’

90 3389 156 3450 dis.
174 3408 205 3452 v.
222 3393 586 3472 mandemusquatenus
607 3398 748 3475 receptis
764 3399 797 3461 ei
811 3413 894 3460 exa·
948 3391 1072 3454 draeam
1088 3389 1136 3470 (d)
1152 3391 1292 3454 Alairiss·
1309 3393 1342 3453 θῖ
1355 3395 1392 3452 G.
1408 3409 1447 3454 ²10
1462 3391 1592 3464 fratres,
1608 3393 1640 3454 ei
1654 3392 1740 3453 flliO-‘i

90 3488 231 3550 minatis
244 3491 393 3564 testibus
406 3509 487 3569 quos
508 3498 704 3571 procurator
718 3494 892 3573 hospitalis
947 3505 1063 3551 eorum
1078 3505 1119 3550 ex
1144 3488 1258 3560 altera,
1280 3505 1381 3566 supet
1400 3490 1595 3566 quibusdam
1611 3505 1744 3566 Posses·

90 3601 197 3663 super
236 3591 578 3655 excommunicatione
606 3592 712 3670 ipsius
745 3593 902 3672 episcopi¹
948 3586 1097 3652 sionibus
1110 3587 1143 3648 et
1156 3585 1255 3647 rebus
1266 3587 1341 3647 aliis
1356 3588 1497 3648 vertitur
1509 3586 1569 3648 tibi
1585 3587 1741 3648 duximus

90 3747 349 3821 distansaSpello
373 3752 471 3822 quinto
490 3759 597 3810 tantum
622 3753 728 3826 lapide,
751 3769 893 3826 quocasu
932 3749 938 3828 f
984 3745 1025 3821 (l)
1041 3747 1078 3806 Ge
1094 3747 1156 3803 titre
1172 3746 1350 3820 n'eristepas
1365 3745 1436 3803 dans
1456 3746 1482 3803 la
1500 3746 1668 3816 Gorrrpilciio
1677 3745 1742 3818 pri·
1787 3757 1789 3760 ·

947 3834 1003 3875 mu.
1016 3819 1038 3878 ΙΙ
1050 3827 1094 3874 est
1108 3817 1243 3874 introduit
1257 3818 1329 3874 dans
1344 3819 1369 3874 la
1386 3818 1507 3874 serrendo
1527 3824 1555 3873 et
1569 3819 1596 3875 la
1611 3817 1705 3875 tertie.
1720 3818 1744 3876 ll

948 3897 990 3946 est
1005 3890 1031 3946 le
1041 3891 1072 3946 8θ
1084 3889 1135 3946 des
1149 3889 1307 3944 Decretuies
1324 3887 1533 3959 Grr'goricnnes.

983 3959 1025 4034 (2)
1045 3961 1180 4030 Episcopo
1199 3960 1385 4016 Ferentincii.
1403 3959 1538 4016 Albertus
1555 3963 1682 4032 Longus,
1692 3974 1741 4018 ca·

932 4033 1067 4089 'ncnicus
1079 4031 1259 4102 Anagninus,
1276 4031 1508 4086 intimusamicus
1517 4032 1675 4090 innocentii
1687 4033 1739 4098 111,

948 4103 1114 4160 Ferentinas
1136 4101 1287 4172 episcopus
1309 4100 1460 4156 abeodem
1476 4099 1593 4156 allectus
1608 4108 1651 4157 est
1666 4116 1742 4158 anno

948 4173 1027 4230 1205.
1040 4174 1107 4228 Post
1122 4170 1198 4227 hunc
1213 4171 1326 4242 ponitur
1341 4171 1395 4228 XX
1410 4171 1561 4242 episcopus
1576 4173 1742 4227 Ferentinus

947 4243 1078 4310 lacobus,
1096 4249 1223 4298 mortuus
1237 4241 1316 4298 lilii.

982 4313 1140 4370 Ferentino.
1175 4311 1279 4370 Civitas
1310 4309 1371 4366 haec
1399 4309 1467 4366 olim
1500 4311 1687 4368 Hernicorum
1714 4312 1742 4367 in

947 4385 1037 4454 Latio,
1051 4381 1244 4451 Ferentinum,
1260 4381 1328 4438 ciitc
1346 4381 1376 4437 di
1390 4381 1549 4450 Ferentino,
1564 4389 1608 4438 esi
1626 4381 1679 4438 sub
1698 4381 1740 4438 di·

947 4457 1024 4514 tione
1040 4453 1199 4512 Pontificia.

984 4527 1020 4657 (pp
1040 4521 1284 4595 archipresbyteri
1306 4523 1350 4580 SS.
1364 4523 1469 4580 Prisce
1489 4528 1514 4578 ri
1528 4523 1647 4593 Aquila.
1668 4523 1742 4580 llnle

948 4601 986 4655 in'
1022 4598 1069 4655 SS.
1086 4595 1341 4668 archipresbyteri,
1354 4603 1429 4650 recte
1445 4593 1518 4666 epud
1532 4595 1651 4667 Gregcr.
1662 4596 1744 4652 Pres-

91 3825 228 3891 corrupta
252 3828 329 3879 esset
350 3823 517 3895 epigraphe,
541 3832 569 3880 et
591 3825 787 3896 reponendum
809 3825 890 3883 Assi-

91 3890 184 3956 siens,
199 3905 234 3946 nn
250 3891 414 3961 Auximum,
435 3894 516 3950 Ocno
531 3895 560 3951 in
586 3895 680 3953 Merca
700 3896 890 3955 anconitana.

91 3959 266 4018 ambesum
279 3963 309 4020 in
322 3964 471 4021 Provincia
488 3966 627 4023 Romana.

129 4065 173 4140 (a)
189 4067 373 4126 Attcncnsem
389 4071 554 4142 episcopum.
573 4071 720 4144 Pelagium
733 4073 891 4147 Hispanum

91 4145 224 4195 creatum
245 4138 280 4196 ab
301 4141 468 4198 innocentio
483 4145 533 4208 ΙΙΙ,
553 4157 628 4199 anno
649 4142 728 4212 tuoe,
750 4147 798 4215 qrri
814 4160 889 4201 mor-

92 4217 162 4266 tuus
176 4219 220 4266 est
243 4208 297 4266 sub
325 4213 462 4284 Gregorio
486 4215 534 4270 tlt.
564 4215 605 4270 De
629 4215 691 4287 ejus
713 4214 892 4272 dissensione

91 4279 260 4336 cbristianis
275 4281 441 4339 calamitosa
456 4297 521 4340 cum
544 4285 655 4342 loanne
670 4299 740 4358 rege
755 4287 889 4342 Hieroso-

91 4352 177 4422 lym„
189 4349 257 4408 dum
277 4361 352 4409 esset
364 4354 478 4427 legatus
495 4355 611 4411 Honorii
624 4359 673 4424 ΙΙΙ,
691 4358 719 4412 in
735 4357 890 4425 Orientem,

92 4421 162 4479 vide
181 4422 344 4480 ciaconium
362 4433 411 4481 :et
432 4425 467 4481 de
489 4427 576 4482 nimia
604 4425 705 4483 ilducia
739 4427 793 4496 sui,
824 4426 891 4484 dum

92 4501 210 4550 veteres
224 4495 362 4565 quasdam
380 4495 547 4578 prophetias
570 4495 606 4553 de
625 4496 793 4555 liberatione
810 4505 891 4554 terres

92 4571 204 4622 sanctae
219 4567 254 4621 ab
270 4567 403 4638 Hispanis
423 4565 552 4623 iacienda
567 4567 647 4627 dese
668 4567 890 4640 interpretando,

93 4649 143 4692 “³⁸
156 4635 384 4720 .‘²¹¹'¹⁸¹¹.³¹¹⁰ffl¹¹¹
412 4652 528 4719 temni
551 4637 640 4720 dedit,
667 4639 732 4696 Vide
755 4640 892 4696 ¹⁸⁰⁰b¹¹¹¹¹
948 4669 1046 4742 opteri.
1064 4668 1145 4725 Solus
1160 4665 1288 4722 emnium
1307 4665 1534 4736 presbyterorum
1554 4664 1741 4722 cardinalium

94 4709 237 4776 B⁰s¹¹¹¹¹¹·’
250 4707 298 4764 hb·
310 4709 387 4776 Μ’
401 4709 502 4766 'mm‘
518 4710 671 4778 er⁰³⁰la
688 4717 760 4783 1³³³·
773 4713 795 4768 ¹·
949 4741 1052 4810 senior,
1069 4739 1130 4794 sive
1143 4736 1283 4807 antiquior
1305 4737 1461 4808 appellatur
1481 4737 1508 4793 S.
1528 4737 1664 4793 Romanae
1686 4739 1740 4793 Ee·

133 4811 173 4883 (Ι)
185 4813 490 4869 Eccommunicctiouis
498 4813 620 4871 trincuic.
635 4815 767 4888 Episcopi
776 4829 890 4872 excom·
929 4811 1042 4868 clasiae
1064 4807 1290 4890 archipresbyter
1309 4807 1470 4890 cardinalis,
1488 4823 1521 4863 ex
1545 4806 1690 4880 onuphrio
1713 4808 1742 4865 in

95 4882 284 4939 munientium
314 4882 500 4956 subjiciuntur
519 4891 578 4941 tam
604 4883 640 4942 de
664 4885 727 4958 jure
751 4884 892 4958 quamde
948 4879 1343 4962 libello-derrsccpuirtus:
1372 4877 1518 4960 tristioris
1541 4886 1667 4962 tempore
1683 4879 1740 4962 Ho-

95 4953 184 5023 tacte,
211 4954 276 5010 latae
291 4955 451 5024 sententia,
466 4955 511 5010 vel
535 4955 643 5028 alege,
663 4958 708 5012 vel
730 4971 745 5014 a
771 4970 892 5025 canone,
948 4951 1021 5034 nerii
1037 4958 1124 5007 nostrl
1136 4949 1286 5032 presbyter
1300 4949 1349 5031 HS.
1365 4951 1468 5032 Priscae
1487 4955 1515 5006 et
1536 4950 1646 5033 Aquilae
1668 4957 1740 5032 ant-1·

96 5039 162 5098 cap.
179 5025 325 5096 contingit,
342 5031 370 5082 et
384 5041 447 5098 cap.
463 5025 581 5082 relatum
600 5028 634 5082 de
654 5031 723 5084 seni.
736 5042 892 5084 eucomnru·
948 5038 1031 5096 quior
1045 5028 1122 5078 esset
1134 5027 1207 5104 tuter
1228 5018 1397 5102 cardinales.
1416 5021 1524 5104 Titulus
1545 5021 1572 5078 S.
1591 5023 1694 5102 Priscae
1713 5035 1743 5078 m

95 5097 154 5152 nic.
172 5095 250 5152 Alias
265 5097 506 5154 excommunicari
525 5111 582 5152 non
596 5105 724 5168 possunt,
742 5098 893 5155 nisicausa
949 5100 1045 5152 monte
1061 5093 1219 5174 Auentino,¹
1236 5091 1307 5147 ultas
1328 5092 1376 5173 ἓξ.
1393 5091 1678 5173 Aquila-etpumia,
1689 5105 1740 5147 ne·

96 5166 229 5239 legitime
253 5168 414 5224 examinata
437 5182 453 5224 a
469 5167 619 5225 duodecim
632 5168 775 5250 judicibus
790 5183 825 5226 ex
842 5167 891 5226 dc·
949 5181 1003 5222 nus
1018 5171 1060 5221 est
1075 5177 1194 5219 numero
1213 5169 1286 5218 inter
1302 5168 1432 5232 antiquos
1448 5161 1530 5218 Urbis
1545 5163 1650 5230 titulos,
1668 5160 1743 5232 apud

96 5243 178 5294 eret>
192 5237 358 5319 Zephyrium
388 5237 463 5310 quod
487 5246 530 5296 est
553 5239 768 5296 intellnendum
793 5238 828 5296 de
843 5255 891 5296 ex·
949 5236 1132 5294 Anastasium
1152 5232 1410 5298 bibliothecarium,
1430 5240 1457 5288 et
1477 5231 1574 5288 subest
1593 5247 1657 5288 curu
1681 5232 1743 5288 nllis

97 5315 359 5365 communicatione
374 5308 504 5376 solemni,
522 5324 585 5366 cae.
602 5311 629 5377 l,
642 5281 667 5378 ἕ,
684 5326 710 5380 q.
729 5311 756 5380 3;
778 5310 828 5368 sed
841 5325 895 5367 nec

98 5379 186 5435 bodie
197 5379 322 5450 episcopi
336 5380 484 5437 incurrunt
502 5380 564 5452 ipso
579 5379 832 5438 iactosententlam
849 5382 892 5437 in·

98 5449 213 5506 terdieti
234 5448 280 5506 vel
295 5450 502 5522 suspensionis,
519 5451 572 5506 nisi
600 5451 769 5508 nominatim
791 5457 820 5508 et
843 5465 892 5508 ex·

98 5535 200 5604 presse
215 5517 250 5576 de
266 5520 300 5577 iis
314 5521 363 5578 bet
377 5522 494 5590 mentio,
515 5528 546 5578 ut
565 5521 663 5578 statuit
679 5524 826 5579 innocent.
844 5524 894 5590 ΙΙΙ,

99 5591 272 5648 reconcilio
298 5590 498 5672 lugdunensi,
524 5605 587 5664 cap.
609 5592 816 5662 retuderunt.
844 5609 892 5648 ec-

969 5307 1074 5379 uinque
1089 5304 1260 5378 presbyteris
1274 5301 1465 5360 cardinalibus
1484 5301 1608 5360 basilicae
1625 5304 1742 5375 patriar·

949 5323 1023 5435 &rell
1038 5379 1066 5435 S.
1084 5377 1173 5444 Pauli,
1191 5389 1225 5430 ex
1238 5373 1326 5430 veteri
1342 5373 1511 5429 Provinciali
1525 5376 1662 5432 [lemano.

986 5447 1191 5521 (dl—Andrean
1208 5445 1384 5500 alatrinum.
1405 5445 1543 5500 Aletrium
1566 5453 1610 5501 est
1631 5459 1743 5516 quoque

950 5520 1049 5576 civitas
1063 5517 1248 5574 Hernicorum
1265 5515 1292 5570 in
1309 5516 1388 5571 Latio
1400 5516 1428 5570 in
1443 5517 1589 5572 Provincia
1603 5519 1740 5581 Romana,

950 5588 1153 5646 bodleAiutri.
1171 5585 1277 5654 Livius,
1300 5585 1348 5642 lib.
1368 5587 1428 5643 tlt:
1452 5587 1638 5642 Hernicorum
1652 5586 1744 5641 tritus

99 5663 308 5731 communicet,
323 5679 352 5718 ru
366 5661 393 5719 e.
408 5661 480 5722 Vide
492 5677 555 5734 quae
567 5662 678 5734 plenius
693 5661 764 5720 inira
780 5663 815 5721 ed
831 5678 893 5736 cap.
946 5661 1069 5732 populis,
1086 5657 1256 5725 Aletrinati,
1274 5657 1424 5726 Verulano,
1438 5661 1463 5712 et
1477 5655 1662 5724 Ferenttrrcti,
1677 5656 1743 5726 qrcic

101 5735 129 5801 3,
140 5735 172 5791 rie
186 5737 256 5791 scut.
272 5734 470 5792 excommunic.
485 5732 585 5791 dicturi
604 5747 711 5791 sumus.

949 5732 1112 5788 resiluerunt
1126 5743 1210 5801 prtum
1225 5728 1374 5796 ciuitatem,
1390 5742 1447 5785 seu
1463 5729 1537 5796 leues
1548 5724 1670 5784 reddite.
