3992 6380
97 143 160 210 905
555 143 719 208 OCTAVA
741 143 933 206 PASCHAE.
954 141 1080 204 FERIA
1102 141 1284 213 QUARTA.
1686 136 1746 199 903

137 309 175 368 ln
197 301 318 383 quibus
338 303 406 367 tria
434 305 580 368 notanda
612 306 700 377 sunt,
727 301 893 375 videlicet,
950 300 1094 364 litteram
1126 315 1192 364 non
1221 303 1271 364 est
1296 299 1511 372 credendum,
1537 301 1622 379 quod
1653 298 1747 378 panis

97 402 283 465 succinctio
315 402 448 474 tunicoe,
484 402 628 474 nuditas,
657 405 690 465 et
716 403 832 463 missio
860 402 895 461 in
949 399 1050 461 fuerit
1073 399 1302 476 superpositus
1322 398 1448 476 prunis.
1474 399 1536 459 Sed
1559 398 1605 459 ita
1628 399 1747 474 legen-

98 516 203 560 mare,
218 499 404 559 succinctio
413 498 535 559 tunicae
547 497 712 574 significat
727 497 896 558 continen·
950 496 1030 556 dum
1040 497 1090 558 est
1105 518 1114 557 t
1130 497 1285 558 viderunt
1300 512 1424 574 prunas
1439 496 1563 572 positas
1577 498 1611 557 et
1623 497 1748 572 piscem

97 597 178 659 tiam
193 596 316 666 carnis,
332 612 405 672 quae
417 597 523 671 uiguit
538 595 575 654 in
587 594 799 672 martyribus,
816 595 894 675 quia
950 594 1193 670 superpositum
1207 594 1333 670 prunis,
1348 595 1380 655 et
1392 609 1520 670 panem,
1538 593 1748 668 subintellige

97 710 232 756 carnem
257 709 362 765 suam,
383 709 482 770 quam
513 708 572 771 pro
607 692 729 755 Christi
762 696 895 756 nomine
949 691 1122 762 viderunt,
1144 707 1211 751 non
1230 691 1341 752 tamen
1357 691 1610 768 superpositum.
1634 692 1749 761 Quan-

98 791 302 864 obtulerunt,
330 807 405 852 cum
431 791 521 852 uitiis
554 790 587 852 et
617 792 894 868 concupiscentiis
949 789 1020 848 tum
1031 787 1074 848 ad
1088 787 1295 865 spiritualem
1306 789 1570 864 intelligentiam,
1584 787 1749 864 duplicem

98 888 347 960 crucifixerunt,
394 888 574 948 secundum
613 886 694 949 illud
730 891 893 966 Apostoli:
950 885 1180 960 cognoscimus
1198 901 1274 946 esse
1291 886 1503 947 resectionem
1522 886 1694 947 beatorum
1715 884 1749 944 in

97 989 162 1053 oui
173 987 292 1047 autem
302 986 384 1047 uerit
396 987 533 1057 Christi,
549 999 897 1049 cornemcuomcme
950 996 1053 1057 reguo
1070 982 1141 1054 Dei,
1157 983 1313 1045 videlicet
1327 983 1516 1044 derisione
1533 981 1749 1043 humanitatis

96 1084 287 1156 cinxerunt
309 1098 390 1144 cum
422 1083 517 1144 oitit's
546 1083 582 1144 et
614 1086 897 1158 concupiscentits
951 1079 984 1140 et
998 1077 1180 1141 derisione
1192 1081 1376 1142 divinitatis
1389 1081 1522 1141 Christi.
1535 1082 1619 1142 Nam
1632 1096 1749 1156 prunae
1786 1142 1790 1148 ,

99 1180 222 1261 (Galat.
238 1197 270 1253 v,
286 1178 351 1259 24).
370 1179 510 1241 Nuditas
536 1179 703 1256 significat
718 1183 898 1259 pauperia·
951 1175 1141 1252 significant
1177 1177 1317 1239 ardores
1346 1179 1527 1240 Dominicae
1560 1179 1747 1256 passionis,
1838 1255 1842 1262 Ι

100 1281 175 1351 tem,
192 1278 373 1339 secundum
395 1277 477 1338 illud
494 1277 581 1339 iob:
601 1281 725 1342 Nudus
737 1293 897 1356 opressum
951 1289 1024 1350 qliae
1040 1273 1174 1338 luerunt
1189 1275 1398 1352 multiplices
1418 1277 1582 1348 videlicet,
1604 1276 1645 1336 de
1664 1293 1749 1337 con-

97 1391 176 1438 sum
190 1376 342 1437 deutero
355 1375 481 1436 matris
493 1390 590 1448 mem,
608 1379 720 1438 nudus
734 1379 898 1438 revertar
951 1370 1097 1432 tumeliis
1112 1388 1319 1446 sermonum,
1336 1375 1376 1434 de
1392 1374 1571 1436 afflictione
1593 1373 1748 1449 flagello-

100 1476 176 1535 iiiuc
193 1470 280 1551 (Job.
297 1489 320 1544 r,
336 1469 402 1552 21),
426 1471 522 1544 idest,
545 1473 673 1550 pauper
692 1475 790 1535 uatus
811 1491 895 1544 sum,
951 1481 1036 1537 rum,
1053 1466 1093 1529 de
1108 1459 1269 1544 colaphis,
1286 1469 1326 1529 de
1342 1468 1460 1546 alapis
1477 1483 1600 1530 corona
1620 1469 1747 1545 spinea,

100 1586 226 1648 pauper
260 1569 395 1630 moriar.
428 1569 520 1641 Quod
554 1577 740 1648 exponens·
757 1571 898 1648 Aposto-
951 1563 1045 1640 virga
1067 1565 1263 1638 arundinea,
1283 1567 1398 1639 clavis,
1420 1567 1513 1628 aceto
1529 1567 1561 1627 et
1583 1567 1670 1627 felle
1689 1567 1748 1626 llis

100 1668 151 1728 lus
165 1668 236 1728 ait:
253 1669 347 1730 Nihil
364 1666 545 1728 intulimus
557 1669 598 1728 tn
610 1671 701 1730 nunc
714 1673 896 1742 nutnnum5
952 1661 1068 1737 prunis
1089 1661 1153 1723 suit
1176 1663 1276 1740 piscis
1294 1679 1405 1735 assus,
1421 1664 1524 1736 idest,
1539 1664 1690 1725 Christus
1714 1663 1749 1724 in

100 1767 189 1826 baud
212 1765 363 1836 dubium,
380 1765 468 1837 quod
487 1779 549 1825 nec
570 1767 899 1841 ouierrequidpos-
952 1773 1053 1819 carne
1079 1775 1208 1836 passus,
1232 1760 1273 1822 do
1297 1777 1360 1838 quo
1389 1761 1513 1822 habent
1536 1761 1691 1838 discipuli
1716 1760 1750 1821 in

97 1877 219 1924 mimus
235 1859 264 1941 (l
278 1861 361 1923 Tim.
377 1877 422 1933 tu,
442 1859 485 1934 7).
509 1863 657 1924 Fuerunt
675 1845 760 1939 ergo
772 1865 899 1940 marty·
952 1855 1153 1918 coelestibus.
1171 1858 1210 1919 nt
1225 1875 1284 1920 nos
1300 1859 1373 1935 ipso
1391 1859 1533 1922 donante
1555 1858 1750 1920 habebimus
1773 1873 1776 1880 ·

100 1975 152 2021 res
168 1959 342 2031 succincti,
360 1959 457 2031 idest,
480 1959 700 2032 continentes,
719 1976 739 2021 a
757 1960 899 2022 carnali·
952 1953 1084 2028 plenam
1113 1954 1344 2028 refectifflem,
1376 1957 1522 2034 qssflssd02
1553 1956 1639 2018 Sicut
1671 1956 1751 2016 dicit

100 2056 353 2118 busdesidoriis.
361 2056 604 2130 Fueruntnudi,
613 2057 710 2130 idest,
721 2073 895 2134 pauperes,
951 2050 1139 2126 APOStOth
1156 2051 1341 2114 Videbimus
1364 2069 1439 2114 011111
1459 2054 1545 2115 facie
1560 2054 1600 2114 ad
1618 2053 1749 2114 faciem-

100 2151 348 2213 transeuntibus
368 2150 480 2224 rebus,
508 2151 654 2213 dicentes
681 2173 688 2212 :
720 2156 808 2214 Ecce
834 2168 897 2215 nos
992 2148 1094 2209 Panis
1108 2149 1515 2213 estChristussecuudum
1530 2151 1749 2223 divinitatem,

100 2249 303 2322 reliquimus
334 2253 468 2319 omniu,
502 2249 536 2310 et
566 2249 675 2310 secuti
710 2265 832 2311 sumus
864 2251 897 2312 te
952 2245 1029 2322 nuria
1045 2245 1115 2322 ipse
1130 2247 1198 2308 vita
1213 2249 1264 2309 est
1278 2248 1310 2309 et
1328 2247 1465 2310 reiectio
1480 2249 1657 2326 spirituum
1671 2247 1754 2309 bea-

102 2343 232 2423 (Matth.
249 2361 320 2417 xlx,
337 2343 402 2424 27).
421 2345 537 2406 Missio
558 2346 594 2407 in
615 2362 707 2407 mare
731 2347 899 2423 significat
952 2341 1073 2403 torum.
1097 2344 1191 2405 Unde
1210 2345 1247 2405 in
1270 2344 1429 2407 Psalmo:
1453 2351 1588 2408 Panem
1608 2352 1750 2423 nuceto-

101 2443 322 2504 voluntariam
361 2442 561 2518 passionem.
604 2443 690 2505 Nam
734 2445 897 2522 martyres
951 2455 1033 2501 rum
1049 2441 1464 2523 manducavitbomotps.
1481 2446 1532 2516 77,
1546 2442 1612 2523 25).
1634 2444 1752 2504 Chris-

101 2535 294 2616 scmetipsos
332 2539 521 2600 voluntarie
557 2529 768 2616 passionibus
801 2539 898 2604 obtu-
950 2537 1005 2598 tus
1047 2537 1120 2600 orat
1151 2539 1247 2615 panis
1287 2541 1481 2616 angolorum
1521 2541 1748 2603 tantummodo

103 2637 209 2698 lerunt
222 2637 396 2698 dicentes:
417 2640 501 2698 Hoec
521 2641 639 2700 omnia
653 2639 824 2700 venerunt
838 2649 920 2701 su-·
952 2635 1084 2712 quando
1104 2635 1262 2698 uidebant
1283 2653 1357 2698 eum
1382 2639 1494 2714 angeli
1515 2640 1547 2700 et
1568 2639 1676 2715 ipsum
1693 2639 1749 2700 vi-

100 2751 163 2808 per
186 2749 262 2806 noc,
287 2749 350 2794 nec
372 2735 465 2795 obiiti
482 2749 604 2796 sumus
617 2736 649 2797 te
677 2734 745 2813 (Pe.
760 2738 809 2808 43,
832 2734 895 2815 18).
952 2731 1059 2794 dendo
1081 2732 1288 2795 satiabantur
1308 2734 1343 2796 iu
1359 2751 1474 2811 regno.
1492 2735 1556 2796 Sed
1572 2736 1668 2812 panis
1684 2752 1746 2796 an-

139 2835 205 2893 Alii
234 2831 351 2893 autem
379 2834 535 2905 discipuli
559 2835 699 2908 nooipio
726 2835 898 2895 uenerunt
952 2829 1102 2905 gelorum
1116 2829 1224 2893 iactus
1239 2831 1289 2892 est
1305 2832 1402 2908 panis
1417 2832 1599 2904 hominum,
1617 2833 1750 2910 quando

101 2927 207 3007 (toan.
222 2944 295 3000 xm,
307 2925 355 3007 8).
377 2927 538 3004 Discipuli
555 2929 611 3004 qui
626 2930 789 2992 venerunt
808 2932 899 2992 navi·
953 2928 1012 2988 Dei
1037 2927 1142 2988 Filius
1165 2929 1345 3006 assumpsit
1366 2946 1501 2992 caruem
1525 2930 1689 3004 nostram,
1714 2933 1750 2992 ut

101 3027 153 3102 gio
167 3025 360 3101 significant
374 3024 592 3098 consessores,
616 3027 672 3102 qui
688 3027 724 3087 in
739 3043 823 3104 pace
835 3031 898 3089 Ec-
952 3039 1012 3102 per
1027 3041 1160 3086 carnem
1175 3026 1280 3102 ipsius
1293 3027 1526 3104 perveniamus
1539 3027 1579 3088 ad
1594 3027 1753 3092 diviuita-

102 3123 221 3193 clesiae,
236 3123 324 3183 diem
345 3121 496 3184 ultimum
522 3123 690 3186 finierunt.
706 3128 785 3187 Non
804 3129 897 3186 enim
951 3124 1029 3192 tem,
1044 3123 1077 3184 et
1090 3123 1133 3185 sit
1146 3123 1242 3184 nobis
1252 3124 1351 3200 plena
1363 3125 1500 3186 reiectio
1514 3126 1622 3202 ipsum
1637 3125 1751 3187 videre

101 3224 195 3294 ionpe
217 3220 322 3282 eraut
340 3235 362 3281 α
381 3220 492 3292 terra,
506 3223 567 3282 sed
585 3223 683 3294 otiosi
699 3223 899 3284 ciebitisciu-
951 3220 987 3281 in
1009 3219 1183 3283 divinitate
1205 3222 1238 3282 et
1259 3221 1477 3283 humanitate.
1505 3223 1598 3284 Unde
1621 3223 1749 3284 Dauid:

101 3317 205 3378 ceritis
218 3317 395 3379 trabentes
414 3318 489 3378 rete
505 3320 653 3391 piscium
673 3315 782 3397 (lbid).
799 3319 897 3380 Anti·
952 3317 1112 3378 Satiobor
1147 3333 1223 3378 cum
1255 3319 1537 3394 manifestabitur
1555 3323 1668 3396 glorio
1691 3321 1753 3381 tue

102 3413 155 3490 qui
181 3415 260 3476 ante
284 3412 461 3474 adventum
488 3413 611 3474 Christi
642 3414 738 3476 erant
762 3415 896 3491 longea
953 3411 1170 3494 (Ps.16,15).

102 3511 198 3584 terra,
223 3511 321 3583 idest,
349 3511 391 3571 ab
415 3511 540 3572 aeterna
564 3511 683 3587 patria,
718 3513 796 3589 quia
824 3514 898 3590 post
990 3512 1083 3572 Dicit
1101 3515 1151 3574 eis
1163 3515 1265 3573 lesus
1279 3529 1290 3574 :
1305 3514 1437 3589 Aperte
1452 3516 1752 3588 denuctbuspuos

103 3611 238 3670 mortem
253 3623 320 3670 uon
333 3607 374 3668 ad
390 3607 508 3668 coelum
520 3608 576 3669 sed
592 3609 633 3670 ad
647 3607 814 3670 infernum
827 3611 898 3671 des·
947 3609 1176 3683 prendidistis
1204 3625 1306 3671 nunc.
1335 3611 1419 3682 Quid
1445 3612 1496 3672 est
1522 3612 1607 3689 quod
1631 3612 1753 3673 dicitur

100 3705 293 3767 candebant.
317 3703 382 3766 Sed
403 3704 584 3781 piscatores
599 3706 676 3767 novi
695 3707 897 3768 Testamenti
952 3705 1070 3768 afferte
1094 3705 1134 3768 de
1156 3705 1304 3783 piscibus
1329 3709 1363 3770 et
1384 3724 1450 3768 non
1477 3708 1594 3770 afferte
1623 3710 1753 3786 piscosi

102 3803 367 3878 nousuntlonge
385 3803 523 3874 eterra,
544 3801 640 3874 idest,
661 3818 682 3862 a
701 3819 804 3879 regno
823 3804 895 3876 Dei,
952 3805 1075 3864 Omnes
1099 3803 1231 3880 quidem
1253 3803 1361 3880 pisces
1386 3805 1442 3881 qui
1465 3805 1501 3866 in
1525 3806 1589 3866 hac
1610 3806 1753 3868 lectione

102 3900 176 3976 quia
193 3900 269 3978 post
289 3901 427 3962 mortem
447 3899 662 3960 assumuntur
685 3901 725 3960 ad
745 3917 895 3976 regnum.
952 3900 1279 3976 suntcomprehensi‚
1288 3900 1383 3973 idest,
1392 3917 1506 3964 omnes
1516 3903 1755 3964 electitrahen-

104 3997 192 4058 Unde
210 3999 372 4059 Dominus
396 3998 432 4059 in
454 3997 661 4073 Evangelio:
681 4001 719 4060 Si
735 4001 852 4060 obiero
864 4000 897 4060 et
951 3998 1007 4058 tur
1016 3997 1057 4058 ad
1067 3997 1195 4062 terram
1204 3998 1398 4061 viventium.
1412 4000 1475 4060 Sed
1489 4000 1754 4077 spiritualiserit

100 4110 273 4167 paravero
286 4097 380 4156 cotis
392 4100 513 4166 iocum,
527 4095 656 4156 iterum
678 4099 777 4156 venio
792 4098 826 4158 ei
839 4111 899 4157 oc·
952 4094 1059 4170 gloria
1083 4095 1300 4172 quorumdam
1323 4097 1379 4173 qui
1399 4097 1591 4159 afferentur
1607 4097 1749 4170 Christo,

101 4169 185 4266 cium
200 4207 262 4253 oos
276 4193 320 4253 od
334 4206 390 4253 mc
404 4195 528 4266 ipsum
552 4192 591 4253 ut
611 4195 668 4253 ubi
680 4207 760 4254 sum
773 4207 848 4270 eno,
864 4194 898 4254 et
952 4192 1030 4268 quia
1042 4192 1261 4268 spiritualiter
1271 4192 1488 4256 adhaerebunt
1499 4195 1541 4266 ei,
1554 4194 1639 4256 sicut
1650 4194 1747 4270 scrip·

102 4289 249 4350 cessitis
261 4286 371 4368 (Joan.
386 4305 454 4360 mv,
470 4287 536 4367 23).
951 4291 1020 4352 tum
1031 4291 1082 4351 est
1091 4289 1331 4367 iuApocalypsi
1342 4310 1349 4350 :
1359 4293 1408 4351 Hi
1416 4293 1752 4368 septenniurmnum

139 4386 277 4448 Ducenti
291 4385 393 4447 cubiti
408 4385 527 4463 quibus
541 4389 614 4448 rete
624 4386 779 4458 trahitur,
797 4387 898 4462 signi·
951 4402 1162 4462 quocumque
1175 4388 1258 4448 ierit
1273 4384 1387 4466 (apoc.
1403 4403 1473 4458 xiv,
1489 4387 1535 4468 4).

104 4481 201 4545 hoaut
228 4482 440 4544 dilectionem
455 4483 515 4543 Dei
533 4483 565 4544 et
582 4483 737 4560 proximi,
761 4484 815 4545 cui
838 4501 898 4560 ge-
991 4486 1151 4546 Ascendit
1165 4487 1285 4546 Simon
1298 4487 1430 4547 Petrus
1444 4487 1477 4546 et
1496 4487 1610 4547 tinnit
1625 4488 1703 4548 rete
1714 4491 1751 4548 in

103 4580 197 4642 minae
227 4580 417 4642 dilectionis
445 4579 637 4657 praedicatio
674 4581 841 4654 innititur,
864 4583 897 4644 et
952 4585 1087 4644 terram
1097 4587 1239 4657 plantem
1252 4588 1389 4658 magnis
1400 4587 1614 4658 piacidum...
1627 4585 1750 4646 Beatus

103 4676 205 4750 pisces
225 4677 299 4738 sine
318 4676 502 4738 offensione
516 4677 558 4738 ad
572 4677 697 4738 terram
713 4677 896 4739 viventium
952 4681 1070 4742 Petrus
1090 4679 1212 4742 dicitur
1227 4679 1422 4752 ascendere,
1440 4681 1518 4758 quia
1536 4681 1623 4743 sicut
1636 4682 1670 4742 in
1687 4683 1750 4744 hoc

104 4775 347 4847 pertrabuntur.
369 4774 462 4836 Unde
478 4774 657 4849 Gregorius
673 4797 679 4834 :
697 4775 896 4836 «inoffenso
951 4778 1073 4838 mundo
1095 4776 1211 4838 habuit
1229 4761 1463 4854 principatum,
1485 4794 1524 4839 eo
1544 4779 1629 4856 quod
1648 4780 1748 4843 tuerit

103 4871 181 4946 pede
196 4873 261 4934 iter
278 4873 429 4933 nostrum
451 4871 486 4932 in
505 4871 596 4932 terra
616 4871 738 4948 agitur,
760 4873 791 4934 si
809 4875 896 4934 Deus
951 4877 1065 4953 pastor
1078 4874 1246 4948 Ecclesiae,
1263 4875 1309 4937 ita
1323 4875 1359 4936 in
1374 4891 1477 4951 regno
1492 4875 1593 4938 habet
1607 4878 1748 4953 gloriam

103 4982 140 5026 ac
163 4969 334 5046 proximus
353 4970 462 5030 mente
480 4969 611 5046 integra
636 4969 805 5045 diligatur.
826 4971 856 5030 N
859 4987 896 5031 ec
951 4973 1179 5050 principalem.
1195 4973 1277 5035 Rete
1288 4973 1440 5036 trahetur
1454 4972 1488 5033 in
1501 4974 1636 5046 terram,
1652 4974 1746 5048 idest,

104 5066 187 5127 enim
216 5082 295 5129 vere
323 5069 409 5127 Deus
447 5065 519 5127 sine
546 5067 708 5143 proximo,
731 5083 792 5129 nec
817 5084 895 5130 vere
951 5071 1143 5148 praedicatio
1155 5070 1305 5131 veritatis
1322 5071 1534 5131 convertetur
1544 5070 1578 5132 in
1590 5073 1745 5148 speciem,

104 5164 270 5236 proximus
289 5164 439 5240 diligitur
451 5163 524 5226 sine
539 5167 617 5225 Deo.
640 5181 658 5225 a
927 5181 928 5186 ¹
951 5168 1046 5240 idest,
1072 5168 1176 5228 Deum
1200 5183 1297 5244 quem
1321 5166 1418 5227 modo
1440 5169 1676 5243 cognoscimus
1690 5185 1749 5245 per

144 5263 182 5322 ut
202 5277 284 5338 erpo
305 5261 555 5322 descenderunt
575 5265 611 5322 in
631 5263 775 5332 ternam,
796 5265 895 5324 oide—
950 5265 1219 5343 praedicationem
1238 5267 1316 5325 tunc
1331 5279 1569 5340 cognoscemus
1589 5281 1648 5342 per
1667 5281 1747 5342 spe-

104 5359 182 5418 runt
193 5374 329 5434 prunas
344 5358 475 5434 positos
496 5358 530 5419 et
547 5361 678 5432 pacem
694 5363 895 5434 snepenposi·
951 5363 1047 5424 ciem.

106 5453 174 5517 tum
189 5457 221 5520 et
238 5471 367 5532 portem
387 5453 497 5535 (ioan,
518 5471 591 5526 nm,-
608 5452 654 5533 9).
675 5457 838 5529 Quantum
854 5457 894 5519 ad
930 5450 932 5456 ’
991 5462 1156 5524 Numerus
1166 5459 1307 5537 piscium
1318 5459 1484 5536 significat
1494 5475 1668 5522 numerum
1680 5461 1748 5523 sal-
