3954 6358
323 281 384 344 635
787 280 964 344 HONORII
986 281 1031 342 111
1052 279 1200 342 OPERA.
1216 307 1257 326 ·-
1271 281 1504 346 SERMONES.
1867 303 1905 366 gg

325 442 444 507 ticatus
468 443 505 506 in
533 443 640 518 utero,
678 442 714 505 in
740 442 830 505 omni
862 439 1064 505 abstinentia
1089 438 1123 504 et
1177 441 1347 518 cognoscit
1371 458 1408 506 se
1422 442 1608 507 involutum
1624 449 1766 525 peccatis,
1784 453 1858 519 toties
1867 461 1906 522 de·

326 541 523 606 castimonia
557 541 673 604 vivens
706 541 743 602 in
773 541 903 604 deserto
936 540 1121 617 praedicans
1175 539 1231 602 bet
1246 540 1377 602 mittere
1401 541 1484 604 duos
1505 543 1684 621 discipulos
1702 563 1770 610 suos
1786 551 1905 630 adpersi-

324 640 462 704 verbum
476 639 638 702 veritatis.
653 638 793 700 Ponitur
803 639 913 700 tamen
929 637 965 699 in
977 637 1121 700 vinculis
1176 637 1331 714 piendam
1345 639 1490 715 gratiam
1506 641 1696 704 salvatoris.

325 739 362 801 ut
376 738 488 800 divino
503 737 630 816 jndicio
645 736 699 797 his
716 737 771 814 qni
792 752 857 798 non
875 736 1046 798 merentur
1060 751 1123 798 au·
1217 737 1281 798 Sed
1303 737 1393 810 nota,
1417 739 1504 816 quod
1524 740 1669 804 ioannes
1687 742 1839 821 discipulos
1858 767 1908 814 suos

327 837 409 908 dire,
434 835 649 898 subtrahatur
672 834 864 912 praedicatio
879 835 1043 897 veritatis.
1068 834 1123 896 Si·
1176 833 1218 895 ad
1240 836 1353 896 Jesum
1381 853 1447 898 non
1471 837 1630 911 misisset,
1666 839 1727 902 nisi
1754 842 1784 902 in
1810 846 1908 911 vinculis

325 934 451 996 militer
477 933 577 995 hodie
602 933 850 995 subtrahitnra
876 932 1001 994 multis.
1028 931 1121 994 Unde
1176 932 1297 994 Christi
1325 946 1425 1010 opera
1447 935 1639 998 audivisset.
1662 939 1736 1010 Quae
1755 942 1819 1003 sunt
1841 944 1908 1020 igitur

326 1031 506 1109 Gregorius
525 1053 533 1092 ε
554 1031 708 1093 «subtili
737 1030 930 1108 occultoque
949 1028 1077 1109 judicio
1101 1045 1121 1091 a
1176 1045 1277 1106 opera
1292 1046 1365 1108 quae
1387 1029 1569 1094 audiuntur
1586 1049 1606 1094 a
1625 1036 1766 1096 ioannei
1785 1040 1838 1100 Aut
1851 1057 1907 1118 qno-

324 1130 542 1210 quorumdam
555 1127 692 1190 auribus
704 1128 897 1206 pradicatio
912 1127 1027 1190 sancta
1042 1127 1123 1188 sub-
1175 1127 1271 1189 modo
1286 1129 1426 1206 possunt
1448 1144 1549 1206 opera
1574 1131 1692 1202 audiri,
1718 1135 1747 1196 et
1763 1150 1819 1196 non
1836 1139 1908 1214 potius

324 1227 479 1300 trahitur,
505 1226 583 1305 quia
616 1225 772 1289 suscitari
800 1242 859 1305 per
886 1226 1028 1302 gratiam
1055 1240 1121 1286 non
1175 1225 1306 1286 viderit
1321 1228 1428 1306 Opera
1445 1228 1565 1290 Christi
1583 1231 1659 1291 sunt
1676 1231 1910 1310 mundnmgnbm

323 1327 504 1388 merentur.
521 1325 594 1388 »nt
610 1325 837 1401 Augustinus:
855 1325 1016 1386 «Praesto
1034 1339 1123 1385 sem·
1176 1338 1268 1395 nare,
1285 1325 1446 1394 coelestia,
1457 1324 1631 1388 terrestria
1641 1329 1673 1388 et
1686 1327 1840 1392 infernalia
1851 1333 1910 1394 ordi-

324 1442 383 1504 per
398 1426 448 1487 est
459 1424 578 1501 gratia,
591 1439 663 1502 quae
675 1439 740 1484 non
753 1422 878 1484 recedit
887 1423 953 1484 nisi
966 1423 1119 1500 expulsa,
1176 1435 1268 1484 nare.
1282 1422 1653 1502 Deniquequaecnmque
1663 1426 1803 1488 videntur
1813 1429 1911 1490 inama-

325 1525 358 1586 et
376 1539 442 1585 non
465 1522 644 1585 revertitur
668 1521 734 1582 nisi
759 1536 819 1598 per
843 1521 1121 1598 poenitentiam.»
1175 1521 1271 1593 turis,
1291 1522 1369 1584 sunt
1387 1538 1488 1600 opera
1512 1523 1702 1586 salvatoris
1724 1527 1818 1602 Opera
1827 1527 1910 1590 Christi

365 1621 428 1683 Sed
448 1620 596 1698 alioquin
611 1619 664 1680 vir
686 1618 792 1680 bonus
807 1618 942 1696 ponitur
955 1619 989 1679 in
1002 1619 1122 1682 vincu-
1175 1619 1316 1682 amultis
1329 1620 1492 1693 videniur,
1504 1637 1525 1683 a
1537 1622 1653 1700 paucis
1665 1622 1911 1702 audiuntur.0pem

323 1721 376 1793 lis,
393 1719 488 1791 idest,
504 1717 663 1793 alligatur
677 1717 832 1794 peccatis.
850 1717 889 1778 Et
907 1717 971 1778 hoc
986 1717 1121 1794 propter
1175 1718 1307 1780 Domini
1323 1717 1436 1780 vident
1450 1719 1507 1796 qui
1526 1721 1647 1781 coelum
1662 1720 1694 1782 et
1713 1719 1821 1782 terram
1832 1725 1911 1800 etque

321 1817 483 1880 malitiam
496 1816 647 1888 Herodis
659 1815 755 1886 idest,
767 1815 984 1876 tentationem
996 1814 1122 1876 daemo-
1174 1815 1210 1876 in
1231 1816 1281 1878 eis
1301 1817 1379 1879 sunt
1399 1816 1580 1879 intuentur.
1607 1821 1713 1896 Opera
1731 1834 1801 1881 vero
1822 1821 1911 1881 bonini

322 1915 386 1986 nis,
406 1913 484 1992 quia
508 1913 674 1975 daemones
701 1913 867 1974 neminem
890 1913 1058 1975 dimittunt
1072 1914 1121 1975 in·
1174 1914 1313 1976 audiunt
1328 1915 1384 1992 qui
1401 1931 1444 1976 ex
1461 1915 1651 1978 visibilibus
1667 1915 1824 1990 creaturis,
1836 1919 1912 1979 boni·

321 2014 493 2077 tentatum.
510 2010 603 2074 Unde
617 2011 798 2087 Gregorius
813 2033 820 2072 :
837 2011 991 2073 «Nullus
1004 2011 1039 2072 in
1056 2012 1119 2074 hac
1174 2028 1252 2072 num
1272 2012 1474 2074 invisibilem
1491 2014 1705 2090 cognoscunt.
1724 2015 1911 2092 UndeApesto-

321 2112 390 2175 vita
403 2112 568 2190 Justorum
585 2109 677 2171 venit
700 2109 757 2186 qui
778 2124 845 2170 non
861 2109 990 2186 antiqui
1013 2110 1118 2172 hostis
1174 2110 1248 2171 lus:
1267 2114 1458 2174 Invisibilia
1476 2115 1541 2173 Dei
1553 2128 1576 2173 a
1595 2114 1757 2174 creatura
1768 2117 1863 2175 intristi
1870 2129 1912 2186 pn·

323 2225 441 2288 passus
455 2208 499 2269 sit
517 2207 685 2268 insidia.»
707 2208 746 2269 Et
761 2207 850 2281 nota,
866 2206 952 2285 quod
965 2206 1121 2284 iniquita·
1173 2225 1214 2272 ca
1235 2225 1312 2282 qam
1334 2209 1426 2284 sacta
1447 2211 1530 2272 sant
1553 2211 1722 2272 intettceta
1748 2215 1911 2286 cornpirinn-

320 2309 382 2380 teS,
398 2307 480 2368 vitia
495 2306 528 2367 et
546 2305 692 2382 peccata,
718 2306 750 2367 et
769 2320 881 2382 pravae
898 2306 1118 2382 cogitationes
1174 2307 1243 2368 tar.
1267 2309 1378 2385 (Rom.
1394 2323 1417 2378 1,
1439 2305 1505 2387 20).
1526 2310 1564 2370 In
1581 2307 1798 2385 magnitudine
1815 2325 1911 2386 nanque

319 2405 474 2468 dicuntur
494 2403 639 2476 vincula,
667 2403 744 2480 quia
767 2403 854 2465 sicut
876 2403 1020 2465 vinculis
1046 2404 1118 2466 ads·
1174 2405 1260 2477 coeli,
1277 2405 1533 2468 immensitatem
1554 2407 1614 2468 Dei
1638 2423 1800 2484 possumus
1817 2421 1911 2482 regnos

318 2503 477 2578 tringitur
495 2517 584 2573 carc,
608 2517 649 2562 ne
664 2501 845 2578 procedere
859 2501 973 2564 valeat
986 2519 1046 2580 pro
1063 2519 1120 2564 va·
1173 2518 1260 2576 cere,
1284 2519 1358 2580 quae
1376 2503 1606 2581 complectitur
1620 2505 1780 2567 universa.
1799 2505 1911 2577 Quonian

320 2601 447 2664 luntate
469 2616 540 2673 sua,
561 2599 608 2661 ita
625 2600 769 2676 peccatis
789 2598 913 2676 ligatur
931 2601 1053 2673 anima,
1076 2616 1118 2662 ne
1173 2601 1202 2661 si
1216 2601 1294 2664 talis
1309 2603 1359 2663 est
1370 2605 1535 2676 creatura,
1548 2603 1657 2680 qualis
1672 2605 1721 2665 est
1732 2601 1911 2664 Creatorilli·

322 2700 365 2762 sit
385 2699 421 2760 in
442 2697 538 2759 bonis
555 2696 711 2774 operibus
727 2697 892 2774 expedita.
913 2697 1005 2759 Unde
1022 2698 1119 2761 Salo-
1171 2699 1244 2760 ter:
1266 2714 1367 2775 opera
1388 2699 1513 2760 Christi
1528 2701 1606 2762 sunt
1624 2700 1911 2762 misericordissim-

322 2813 399 2860 mon
409 2798 444 2858 in
454 2794 644 2858 Proverbiis
657 2817 664 2855 :
676 2797 882 2870 iniquitates
894 2797 1119 2871 srtcccapiant
1172 2796 1265 2858 ritas.
1284 2799 1322 2857 In
1337 2797 1567 2860 misericordia
1583 2799 1754 2860 salvantur
1762 2799 1908 2875 peccabas,

321 2898 479 2970 impiant,
500 2894 534 2954 ct
554 2893 693 2968 fiinibus
725 2893 946 2967 peccatoram
972 2909 1117 2956 suoram
1172 2895 1204 2956 et
1218 2894 1405 2957 inveritate
1422 2895 1626 2972 judicantur.
1655 2896 1737 2968 Quia
1761 2897 1803 2958 sic
1826 2896 1909 2970 opum

320 2991 563 3068 adstringitur.
576 2989 689 3070 (Prov.
700 3005 734 3062 v,
745 2990 810 3070 22).
821 2991 1015 3069 iniquitates
1029 3009 1114 3070 suae3
1172 2991 1281 3054 tacere
1307 2992 1582 3067 misericordiam,
1605 2995 1693 3072 quod
1714 3010 1775 3056 non
1796 2991 1909 3054 discordet
1946 3009 1947 3090 p

321 3090 399 3151 sunt
412 3089 494 3150 vitia
507 3090 540 3150 et
556 3089 702 3165 peccata,
719 3088 955 3150 delectationes
974 3090 1007 3152 et
1028 3090 1118 3152 desi·
1171 3091 1339 3168 ajudicio.
1364 3091 1457 3153 Unde
1477 3092 1581 3155 David
1607 3113 1613 3154 :
1638 3095 1879 3156 Misericordiam
1891 3089 1910 3148 d
1946 3103 1947 3123 ο

321 3187 414 3250 deria
427 3187 525 3248 mala.
540 3187 606 3248 Ista
618 3186 732 3248 tenent
749 3187 955 3264 peccatorem
971 3189 1113 3266 captum,
1163 3192 1337 3261 judiciam
1347 3190 1491 3251 cantabo
1503 3191 1573 3262 tibi,
1587 3193 1744 3254 Domine.
1756 3188 1815 3269 (Ps.
1826 3189 1875 3257 100,
1884 3187 1908 3255 ll.

320 3286 409 3348 idest
433 3285 583 3362 ligatum.
605 3286 646 3346 Et
667 3283 752 3346 sicut
773 3300 893 3362 corpus
917 3285 1040 3362 ligatur
1057 3303 1116 3364 per
1170 3289 1217 3348 De
1249 3287 1302 3348 his
1324 3287 1452 3348 duobus
1476 3286 1598 3351 dicitur
1621 3289 1659 3350 in
1674 3286 1911 3351 provendatur·
1945 3351 1946 3356 ἵ

319 3384 415 3447 tunes
435 3384 468 3446 et
491 3384 557 3445 alia
577 3382 767 3459 ligamenta,
792 3383 837 3445 ita
858 3383 971 3446 anima
992 3384 1116 3462 ligatur
1169 3385 1327 3458 sequitat·
1355 3386 1535 3459 justitiam
1562 3387 1597 3448 et
1624 3388 1870 3450 misericordiam
1891 3381 1910 3442 et
1945 3379 1946 3452 ᾗ

318 3499 378 3562 per
400 3483 595 3560 iniquitates
619 3482 652 3546 et
674 3480 826 3555 crimina,
853 3497 894 3544 ne
914 3483 1019 3560 possit
1041 3499 1115 3546 esse
1169 3483 1365 3556 veritatem,
1386 3485 1539 3546 inveniat
1562 3487 1674 3547 uitam
1696 3481 1911 3559 etjastitianet
1945 3463 1946 3509 ¹

318 3582 423 3644 libera
444 3582 477 3643 et
497 3580 684 3643 voluntaria
707 3579 741 3641 in
764 3579 917 3657 operibus
943 3581 1050 3643 bonis.
1075 3585 1116 3644 ut
1168 3581 1326 3654 gloriani.
1344 3576 1458 3658 (Prov.
1474 3595 1545 3652 xm,
1560 3579 1626 3660 21).

320 3679 520 3756 Gregorius:
537 3696 556 3740 a
579 3679 703 3740 Reatns
727 3678 832 3755 culpae
856 3678 938 3754 ligat
958 3679 1112 3756 mentem,
1210 3677 1346 3750 Quando
1361 3678 1483 3755 aliquis
1502 3681 1659 3757 peccator
1682 3679 1820 3742 detentus
1837 3673 1910 3738 mults

319 3794 362 3840 ne
377 3793 513 3853 surgere
528 3775 633 3853 possit
654 3775 695 3836 ad
710 3775 952 3838 rectitudinem.
968 3779 1047 3840 »De
1061 3779 1114 3840 his
1169 3775 1364 3838 criminibus
1376 3776 1469 3839 audit
1483 3792 1584 3854 opera
1599 3777 1735 3850 Christi,
1752 3776 1835 3846 idest,
1848 3769 1912 3834 intel·

319 3874 464 3940 vinculis
491 3873 538 3936 ait
554 3873 684 3934 isaias:
707 3875 805 3935 Sotae
825 3877 961 3938 virwnta
974 3879 1049 3938 colit
1063 3878 1114 3939 tat
1168 3872 1242 3949 tigit
1262 3872 1348 3951 quod
1365 3874 1424 3936 alii
1449 3875 1622 3938 salvantur
1645 3867 1910 3943 misericordiali

317 3976 455 4049 captiua
468 3974 541 4046 titia
553 3974 647 4034 Sion.
664 3968 722 4050 (is.
736 3987 794 4041 nn,
809 3969 855 4051 2).
1168 3972 1368 4034 damnantur
1386 3973 1537 4044 veritate,
1560 3973 1662 4038 mittit
1688 3975 1768 4036 duos
1782 3966 1911 4046 discipulos

358 4073 438 4134 Sion
463 4069 703 4147 interpretatur
721 4069 867 4147 specula,
896 4071 928 4133 et
947 4071 1114 4148 significat
1168 4085 1245 4130 suos
1260 4069 1302 4131 ad
1315 4073 1441 4146 iesum,
1461 4071 1555 4144 idest,
1569 4071 1724 4135 timorem
1745 4073 1775 4134 et
1790 4081 1910 4131 amona:

317 4171 465 4234 sanctam
492 4168 674 4232 Ecclesiam
698 4185 772 4246 quae
795 4169 995 4247 speculatur,
1013 4171 1110 4245 idest,
1167 4169 1318 4230 timorem
1332 4168 1585 4246 pcenaeinierni,
1607 4172 1641 4232 et
1661 4185 1800 4233 amorem
1813 4162 1911 4231 missis
1943 4203 1944 4254 ,

316 4269 558 4347 contemplatur
570 4267 729 4330 coelestia.
752 4267 838 4330 Filia
855 4268 933 4329 Sion
956 4271 1005 4332 est
1023 4287 1111 4332 una·
1166 4265 1293 4342 gloriae·
1318 4265 1480 4343 Discipuli
1504 4265 1661 4328 dicuntur
1678 4281 1698 4328 a
1717 4259 1912 4342 disciplinari
1943 4255 1944 4281 ¹

317 4384 456 4448 quaeque
481 4367 568 4428 bona
590 4366 714 4435 anima,
730 4381 803 4442 qnae
819 4366 899 4428 tunc
912 4369 1109 4444 captivatur,
1167 4379 1187 4424 a
1210 4363 1379 4436 discendo,
1404 4363 1482 4440 qnia
1504 4363 1623 4426 timere
1647 4365 1769 4426 malum
1794 4363 1823 4424 et
1841 4359 1912 4420 taren

316 4467 449 4546 quando
462 4465 596 4544 propter
608 4464 778 4541 peccatum
788 4463 825 4524 iu
838 4465 1031 4541 patestatem
1040 4467 1111 4530 dae-
1165 4462 1288 4524 bonum
1311 4461 1472 4539 sapientis
1499 4463 1533 4524 et
1553 4462 1757 4540 disciplinati
1782 4461 1832 4522 est.
1853 4459 1911 4516 inu

315 4565 502 4630 modiorum
527 4563 635 4624 datur.
667 4562 809 4624 Vincula
835 4562 912 4624 colli
934 4566 1006 4641 ejus
1035 4566 1112 4628 sunt
1166 4561 1246 4624 dicit
1258 4561 1414 4623 videlicet
1425 4577 1530 4634 amor,
1546 4561 1584 4623 ta
1599 4577 1635 4623 es
1651 4566 1711 4638 qai
1725 4552 1911 4624 acntarnaat

315 4663 451 4742 peccata
470 4677 543 4740 quae
569 4659 763 4738 impediunt,
788 4675 831 4722 ne
852 4662 1008 4738 peccator
1030 4678 1110 4726 vere
1164 4659 1261 4732 idest,
1278 4660 1314 4721 tu
1333 4675 1369 4720 es
1384 4658 1476 4721 salus
1492 4675 1590 4738 quam
1606 4677 1649 4722 ex
1665 4675 1781 4736 magno
1794 4649 1910 4718 desiderio
1942 4647 1943 4654 ³

315 4762 420 4840 possit
443 4759 604 4822 confiteri.
632 4759 696 4820 Sed
722 4757 844 4821 dicitur
870 4761 1048 4837 peccatori,
1074 4763 1111 4824 ut
1165 4759 1304 4835 expecto
1317 4759 1329 4817 l
1342 4757 1435 4819 Alter
1450 4757 1530 4820 dicit
1543 4759 1639 4835 quasi
1660 4755 1839 4824 dubitando,
1852 4748 1911 4810 ride

314 4858 567 4922 solvatunoma
581 4855 734 4928 cerusa,
751 4856 848 4930 mest,
863 4859 1111 4922 munneicons-
1164 4857 1243 4918 dcet
1261 4855 1372 4925 umor,
1395 4871 1442 4916 an
1460 4860 1568 4918 atium
1596 4853 1840 4932 annectamus?
1857 4843 1910 4918 ill

314 4957 471 5020 alentiam
484 4971 578 5017 suam
589 4954 632 5016 ab
647 4953 800 5016 omnibus
812 4955 902 5017 vitiis
917 4957 950 5020 et
964 4959 1109 5034 peccatis
1164 4954 1253 5016 aliud
1271 4953 1369 5031 pavet
1381 4951 1490 5027 timor,
1514 4955 1547 5016 et
1566 4955 1657 5016 aliud
1678 4953 1821 5034 expectat
1838 4957 1908 5009 anor.

314 5072 374 5136 per
384 5053 624 5118 contessionem
635 5052 669 5114 et
676 5052 914 5129 poenitentiam.
927 5057 1010 5128 Quia
1023 5057 1110 5121 sicut
1163 5055 1248 5115 Nam
1270 5068 1365 5114 amor
1379 5051 1459 5114 dicit
1478 5072 1486 5114 ι
1508 5055 1617 5114 Credo
1640 5055 1759 5116 aidcrc
1778 5053 1848 5112 bata
1866 5046 1910 5103 lia

313 5155 395 5218 dicit
412 5149 564 5215 Ezechiel
585 5152 827 5225 :Quacumque
844 5157 930 5215 bora
947 5156 1109 5230 peccator
1162 5155 1249 5214 ruini
1279 5155 1317 5212 in
1345 5151 1444 5212 tarra
1477 5153 1681 5212 vicentiam.
1708 5150 1774 5232 (Ps.
1805 5149 1845 5218 26,
1867 5136 1907 5215 lit·

313 5265 501 5316 mizacrsus
515 5249 624 5324 stianit
626 5292 686 5309 .....
700 5246 1105 5333 (Ezech.xv111‚21,22);
1162 5251 1274 5312 Timor
1292 5249 1487 5312 dicitzNon
1502 5251 1620 5312 videbo
1642 5252 1819 5312 Dasminum
1834 5247 1909 5340 hetin

312 5366 435 5423 xxxnr,
454 5347 742 5428 12).1tem:aiai‚
764 5349 992 5422 confitcbcrat
1005 5351 1042 5412 ta
1055 5368 1109 5414 re·
1162 5354 1200 5412 in
1217 5349 1316 5410 terra
1336 5347 1539 5410 uiuentium.
1558 5347 1691 5410 Aliter:
1712 5351 1809 5425 Opera
1824 5335 1908 5402 dirisi
1940 5411 1941 5430 χ

311 5450 449 5516 misisti.
468 5446 536 5528 (Ps.
561 5448 612 5519 31,
635 5444 682 5526 5.)
700 5447 833 5518 Quoties
848 5447 950 5523 igitur
960 5448 1106 5512 ioannes
1162 5447 1240 5509 suut
1264 5445 1351 5524 qnod
1385 5445 1482 5508 electi
1513 5447 1716 5511 suscitantur
1748 5445 1784 5507 de
1811 5437 1907 5519 pulvera

312 5548 491 5632 poniturin
504 5545 659 5617 vinculis,
674 5545 773 5608 mittit
785 5545 866 5606 duos
878 5561 921 5606 ex
934 5546 1106 5626 discipulis
1162 5545 1287 5617 mundi,
1298 5545 1330 5606 et
1340 5544 1546 5608 collocantur
1556 5561 1630 5606 cum
1646 5530 1907 5622 principibusidui

311 5652 380 5713 suis
395 5648 436 5711 ad
449 5649 580 5718 Jesum3
598 5644 693 5722 quasi
706 5643 815 5706 dicat:
833 5643 967 5718 Quoties
980 5646 1106 5712 electus
1161 5661 1236 5709 cum
1257 5643 1393 5720 Angelis
1409 5643 1478 5706 nei.
1501 5643 1594 5706 Unde
1614 5643 1734 5706 dicitur
1746 5641 1779 5702 in
1796 5633 1906 5699 mnino:
