4004 6302
354 305 416 372 735
818 303 995 370 nononu
1016 299 1062 366 111
1083 298 1231 367 orsas.
1250 333 1288 350 ·-
1303 301 1535 375 sannonns.
1648 253 1649 256 Ν
1919 331 1966 398 ns

355 469 388 534 et
409 466 620 530 humiliatum
636 467 704 528 Deo
723 463 859 528 habeas.
874 465 1062 529 Secundum
1077 464 1148 544 spi·
1200 463 1327 528 terra...
1351 469 1389 530 ln
1413 471 1496 534 coelo
1520 471 1749 541 thesaurizant
1768 481 1820 558 qui
1841 483 1967 554 terrenas

354 566 508 631 ritualem
537 581 670 627 sensum
698 564 851 642 praecipit
877 565 977 641 caput
1004 579 1144 641 ungere,
1200 561 1334 626 divitias
1357 581 1417 644 pro
1439 583 1551 632 amore
1566 567 1629 634 Dei
1644 577 1837 654 pauperibus
1852 581 1965 652 donant.

354 666 451 741 idest,
484 665 626 726 mentem
651 662 819 740 spirituali
845 661 1019 725 devotione
1047 677 1147 724 exer-
1202 661 1294 722 Unde
1328 663 1363 724 in
1393 668 1574 743 Evangelio
1604 692 1613 731 z
1644 673 1867 740 thesaurizate
1890 689 1966 748 nobis

354 780 445 837 cere,
468 764 505 825 ut
529 759 660 838 quando
675 777 795 838 corpus
821 759 982 836 affligitur
1002 760 1143 839 jejunio,
1201 759 1380 830 thesauros
1408 767 1446 825 tn
1473 773 1620 829 coeto.....
1649 769 1778 849 (Matth.
1804 791 1851 849 m,
1869 779 1965 860 ahl„

353 862 489 940 spiritus
524 860 558 921 in
587 858 793 921 orationibus
819 859 852 920 et
876 857 1145 920 meditationibus
1199 855 1330 920 interno
1348 860 1576 928 thesaurisant
1599 864 1657 945 qui
1681 871 1812 946 peccata
1830 891 1884 936 sua
1900 895 1966 954 quo-

353 958 478 1022 serviat
491 959 570 1020 Deo.
587 956 743 1034 Praecipit
759 957 861 1018 etiam
879 955 999 1018 tactem
1017 957 1142 1030 lavare,
1199 955 1279 1017 tldle
1309 958 1531 1037 multiplicant
1558 965 1592 1026 et
1624 967 1861 1044 impoenitentes
1889 978 1965 1038 exis-

351 1057 447 1139 idest,
464 1055 680 1118 intentionem
698 1069 819 1116 avana
833 1055 939 1130 gloria
955 1054 1142 1131 purificare,
1198 1051 1282 1116 tunt.
1300 1055 1394 1118 Unde
1407 1061 1605 1135 Apostolus:
1622 1067 1966 1137 sectandumdnrtttam

351 1171 393 1217 ne
414 1153 555 1216 inbono
577 1167 676 1231 opere
693 1151 778 1230 quod
804 1150 944 1214 iacimus
965 1151 1143 1214 humanam
1200 1149 1295 1213 tecam
1318 1155 1353 1214 ct
1373 1159 1595 1231 impaenitens
1617 1177 1681 1223 cor
1701 1163 1966 1234 thesaurizarunt

350 1251 483 1314 laudem
508 1265 705 1328 quaeramus.
728 1249 811 1312 Vel:
833 1248 951 1311 taciem
966 1249 1080 1312 lavare
1093 1251 1145 1312 est
1198 1252 1235 1309 tn
1258 1253 1313 1312 dte
1336 1250 1749 1338 troe(llom.1r,5).lram
1769 1261 1966 1330 thesaurizare

351 1350 552 1412 exteriorem
580 1348 866 1411 conversationem
892 1347 1081 1420 honestare,
1109 1348 1144 1410 ut
1198 1347 1248 1408 ast
1270 1346 1515 1414 damnationem
1539 1371 1636 1418 suam
1656 1373 1716 1433 per
1736 1360 1835 1421 multa
1854 1367 1965 1438 peccata

351 1447 436 1510 nihil
451 1445 611 1525 appareat
624 1447 659 1507 in
674 1445 769 1506 nobis
785 1444 870 1522 quod
885 1444 991 1522 possit
1013 1445 1145 1507 intuen-
1198 1445 1380 1520 acquirere.
1397 1451 1468 1511 Hoc
1487 1451 1552 1512 erit
1567 1453 1604 1515 in
1618 1453 1675 1516 dia
1695 1454 1765 1530 irae,
1785 1457 1870 1532 idest,
1883 1460 1912 1520 iu
1924 1461 1966 1522 die

349 1546 400 1608 tes
424 1545 603 1616 offendere,
623 1543 679 1604 sed
697 1543 807 1605 omnia
821 1543 862 1604 ad
887 1542 1143 1605 aedificationem
1194 1540 1324 1617 judicii.

350 1643 568 1721 disponantur
580 1641 730 1703 honeste.
751 1645 800 1704 Tu
813 1641 931 1704 nutem
949 1655 1030 1703 cum
1047 1644 1144 1715 jesoc·
1223 1641 1321 1702 'Ecce
1343 1657 1433 1719 ergo,
1456 1644 1587 1722 hahes,
1614 1648 1828 1712 exhibeamus
1850 1657 1966 1718 nosmet.

348 1755 424 1814 nas,
439 1753 531 1817 unqe
533 1783 593 1801 ,,,,,
1197 1734 1288 1812 ipsos
1305 1740 1391 1802 sieut
1403 1741 1462 1804 Dei
1477 1744 1648 1808 ministros
1661 1747 1697 1808 in
1710 1748 1809 1810 multa
1819 1752 1963 1826 patientia,

387 1839 548 1900 Dominus
571 1836 722 1914 praecipit
744 1835 852 1914 Moysi
875 1837 912 1897 ut
932 1830 1056 1898 taceret
1078 1849 1143 1898 un·
1195 1833 1232 1894 iu
1242 1836 1382 1914 jejuniis
1397 1840 1522 1911 multis,
1539 1846 1572 1904 et
1586 1845 1756 1921 praecipue
1776 1847 1810 1906 in
1830 1847 1887 1908 isto
1899 1865 1965 1925 qua-

346 1935 506 2013 guentum
540 1934 627 1996 unde
654 1934 795 2012 ungeret
826 1934 1077 1996 tabernaculum
1110 1935 1143 1997 et
1196 1929 1410 2009 dragesimall
1430 1939 1559 2016 jejunio
1590 1941 1625 2002 ln
1652 1941 1832 2004 subsidium
1856 1961 1964 2007 correo-

347 2034 459 2096 omnia
478 2049 561 2096 vasa
585 2047 691 2094 sacra.
717 2035 755 2093 ln
781 2033 949 2108 unguento
980 2031 1142 2094 debebant
1195 2029 1699 2112 tionisetpoenitentiaenostrae,
1715 2040 1790 2118 quia
1803 2041 1963 2104 tunouobls

347 2147 421 2194 esse
437 2132 579 2208 quatuor
593 2129 720 2208 species
737 2131 922 2192 aromatum
938 2131 1141 2193 mixtarum
1195 2129 1379 2206 proderunt
1406 2136 1559 2212 suscepta
1581 2138 1726 2215 jejunia,
1761 2137 1789 2198 si
1819 2153 1881 2201 suae
1910 2140 1962 2202 siut

346 2229 432 2302 oleo,
447 2228 613 2301 videlicet,
630 2227 777 2306 myrrha,
792 2241 1035 2304 cynamomum,
1055 2229 1142 2290 cala·
1196 2222 1318 2302 placita
1354 2229 1527 2294 voluntati.
1566 2234 1670 2308 Quia,
1708 2235 1794 2297 sicut
1829 2236 1963 2298 exaltarit

345 2341 419 2388 mus
445 2327 478 2388 et
498 2326 618 2387 cassis.
635 2324 771 2403 Myrrha
787 2325 953 2402 significat
968 2325 1142 2388 abstinen-
1195 2325 1326 2402 Moyses
1348 2329 1534 2405 serpentem
1559 2330 1593 2392 in
1620 2332 1753 2396 deserto
1778 2333 1812 2394 in
1835 2334 1921 2410 ligno,
1935 2335 1962 2394 ut

343 2424 436 2496 tiam,
453 2423 542 2503 quia,
560 2423 646 2485 sicut
657 2422 792 2500 myrrha
807 2423 984 2486 mortificat
995 2439 1138 2498 vermes,
1194 2422 1353 2487 liberaret
1382 2427 1538 2503 populum
1569 2445 1680 2504 suum,
1709 2431 1803 2504 idest,
1830 2431 1960 2509 populum

345 2519 1139 2600 etservatcorporaaputredine,itaabstinentia
1193 2520 1383 2583 ludaeorum
1411 2525 1617 2587 amorsibus
1648 2530 1833 2606 serpentum
1857 2529 1958 2604 ignito·

342 2619 521 2682 mortidcat
543 2620 691 2697 corporis
716 2618 920 2697 voluptates,
933 2619 966 2682 et
993 2622 1139 2684 serrata
1193 2633 1278 2692 rum,
1314 2620 1362 2682 ita
1395 2621 1467 2699 ipse
1499 2623 1652 2686 Christus
1687 2627 1842 2688 Dominus
1870 2625 1959 2687 noster

341 2718 460 2781 toetcre
484 2718 638 2780 luxuriae.
653 2719 912 2796 cynnamomum
938 2717 1037 2780 habet
1058 2733 1140 2781 acu·
1193 2717 1319 2780 exaltat
1340 2732 1401 2780 uos
1423 2719 1458 2780 in
1473 2720 1535 2783 hoc
1550 2721 1828 2800 quadragesimali
1841 2723 1956 2800 jejunio,

341 2831 417 2878 men
440 2816 581 2878 mixtum
602 2833 676 2878 cum
700 2815 884 2890 dulcedine,
910 2815 944 2878 et
973 2816 1139 2893 significat
1193 2815 1326 2878 etsicm
1346 2813 1499 2881 liberarit
1513 2821 1672 2898 populum
1697 2839 1716 2883 a
1738 2821 1890 2884 morsibus
1902 2835 1957 2880 ser-

340 2913 562 2976 humilitatem
601 2913 728 2987 cordis,
765 2927 839 2991 quae
881 2913 977 2975 debet
1015 2914 1138 2977 habere
1191 2915 1336 2990 pentum,
1348 2915 1395 2977 ita
1407 2931 1468 2994 per
1481 2933 1575 2980 suam
1589 2920 1848 2983 misericordiam
1862 2918 1956 2978 liberet

341 3011 599 3085 acumenidest,
607 3010 859 3074 delectationem
871 3012 905 3072 et
916 3011 1134 3086 dulcedinem,
1191 3027 1252 3072 nos
1277 3027 1297 3074 a
1319 3015 1424 3076 morte
1442 3017 1601 3093 perpetua
1621 3019 1656 3080 et
1678 3034 1701 3080 a
1717 3014 1956 3080 tribulationibus

340 3107 427 3171 idest
444 3109 742 3172 mansuetudinem.
768 3109 922 3170 Calamus
946 3109 1047 3172 habet
1065 3111 1138 3172 rir-
1190 3108 1432 3188 hujusmundi,
1450 3113 1485 3175 ut
1499 3113 1534 3174 in
1553 3114 1608 3176 die
1629 3113 1796 3187 Paschali,
1810 3113 1894 3186 idest,
1905 3113 1957 3172 bo-

338 3205 442 3269 tutem
473 3206 680 3270 confortandi
712 3208 882 3281 naturam,
909 3207 944 3270 et
970 3207 1137 3284 siguificat
1189 3207 1320 3270 minicea
1353 3211 1618 3274 Resurrectionis
1644 3229 1723 3274 cum
1748 3212 1877 3275 Domino
1899 3207 1956 3284 glo-

340 3321 430 3384 spem
450 3306 584 3367 aetemae
609 3304 850 3375 retributionis,
870 3321 944 3384 quae
972 3305 1136 3368 confortat
1189 3303 1326 3366 riemur.

339 3404 485 3465 animam
512 3402 548 3465 in
573 3403 669 3466 bonis
700 3403 867 3480 operibus.
895 3404 1009 3466 Cassia
1035 3404 1136 3467 habet
1228 3403 1401 3480 Legimus,
1426 3405 1513 3482 quod
1540 3404 1679 3470 luerunt
1701 3408 1837 3486 quatuor
1856 3415 1954 3480 genera

336 3499 494 3564 uirtutem
524 3501 740 3564 consumendi
768 3502 874 3564 malos
900 3502 1072 3576 humores,
1102 3503 1135 3565 et
1189 3501 1378 3578 serpentum
1401 3501 1436 3562 ln
1457 3502 1579 3580 populo
1597 3503 1799 3577 iudaeorum,
1823 3517 1875 3580 per
1896 3513 1953 3576 qua

337 3599 503 3677 significat
514 3600 710 3662 charitatem
721 3616 794 3678 quae
808 3600 972 3662 consumit
985 3601 1131 3678 peccata.
1188 3596 1462 3673 significabantur
1480 3600 1622 3677 quatuor
1645 3617 1771 3678 genera
1797 3596 1952 3662 demonio-

337 3695 453 3757 Oleum
468 3697 635 3772 significat
648 3697 799 3759 laetitiam
818 3697 1036 3775 spiritualem.
1058 3701 1132 3760 Un-
1187 3709 1272 3756 rum.
1297 3695 1410 3758 Primo
1430 3696 1537 3773 igniti,
1552 3699 1585 3761 et
1598 3714 1731 3761 morsus
1748 3699 1876 3760 istorum
1897 3707 1953 3753 ser-

336 3795 496 3868 guentum
517 3809 596 3870 ergo
617 3795 668 3855 est
690 3793 884 3880 compositio
900 3795 1132 3871 praedictarum
1187 3793 1321 3868 pentum
1347 3794 1420 3856 erat
1447 3794 1534 3856 sicut
1559 3795 1664 3872 ignis,
1695 3798 1729 3859 et
1758 3791 1953 3857 moriebantur

336 3889 508 3954 virtutum.
542 3893 612 3953 Hoc
645 3891 813 3968 unguento
849 3890 1006 3954 dehemus
1033 3892 1133 3970 caput
1187 3889 1348 3963 homines,
1365 3891 1423 3952 sed
1438 3907 1505 3954 uon
1520 3891 1597 3955 cito.
1615 3894 1769 3956 Secundo
1791 3889 1877 3954 erant
1895 3899 1952 3946 ser·

336 4003 472 4065 ungere,
484 3987 581 4061 idest,
593 3989 735 4050 mentem
747 3989 894 4051 nostram
906 3988 1130 4066 conformare3
1186 3988 1301 4064 pentes
1309 3987 1366 4065 qui
1374 4004 1441 4050 non
1451 3989 1646 4054 mordebant
1655 3993 1689 4056 et
1699 3985 1949 4055 nonridebantun

336 4087 423 4168 quod
451 4087 550 4164 digne
577 4086 748 4160 iaciemus,
775 4086 804 4148 si
828 4103 962 4149 carnem
984 4089 1131 4150 nostram
1186 4085 1243 4146 sed
1265 4101 1284 4147 a
1307 4085 1406 4162 longe
1429 4086 1604 4150 mittebant
1625 4089 1759 4152 sibilum
1780 4089 1812 4150 et
1830 4085 1890 4146 tere
1903 4081 1951 4140 ho·

334 4201 395 4264 per
409 4185 643 4248 abstinentiam
657 4185 840 4258 domamus,
857 4185 886 4247 si
901 4186 1027 4247 mentes
1047 4201 1130 4248 nos·
1184 4183 1292 4246 mines
1324 4181 1494 4258 ardebant,
1522 4187 1618 4262 quasi
1653 4186 1742 4263 ignis
1774 4181 1899 4246 intraret
1923 4177 1948 4235 in

334 4284 825 4356 trascoramlteohumiliamus,
838 4284 867 4344 si
881 4300 972 4362 spem
983 4286 1130 4346 nostram
1184 4283 1318 4344 ventres
1358 4297 1488 4355 eorum,
1526 4282 1562 4344 et
1596 4284 1830 4346 moriebantur.
1860 4271 1949 4338 'lertio

334 4382 375 4444 ad
401 4384 504 4443 Deum
532 4382 692 4454 levamus,
721 4382 751 4443 si
785 4382 947 4444 charitate
981 4380 1130 4444 terrente
1185 4381 1281 4442 erant
1308 4378 1500 4456 scorpiones
1532 4380 1590 4458 qui
1623 4381 1664 4442 de
1696 4397 1755 4445 ore
1788 4389 1850 4440 non
1878 4383 1949 4434 mor·
1977 4449 1978 4460 χ

333 4480 510 4543 Dominum
523 4494 684 4548 amamus,
696 4479 727 4539 si
739 4477 885 4540 debonis
896 4478 1051 4556 operibus
1062 4495 1130 4541 non
1184 4476 1317 4547 debant,
1333 4475 1391 4538 sed
1416 4475 1457 4537 de
1478 4477 1599 4551 cauda,
1621 4478 1655 4540 et
1672 4479 1722 4542 sic
1751 4469 1947 4540 moriebantur

331 4579 500 4641 terrenam
524 4575 676 4654 gloriam,
693 4576 751 4638 sed
771 4576 917 4639 divinam
935 4577 1126 4654 quaerimus.
1184 4576 1307 4646 Quarto
1338 4574 1411 4636 erat
1445 4573 1619 4652 dipsades,
1647 4591 1752 4652 genus
1785 4567 1945 4648 serpentum

332 4676 465 4738 Faciem
493 4675 607 4738 lavare
639 4675 690 4738 est
719 4675 918 4737 exteriorem
946 4689 1128 4736 conversa·
1183 4672 1239 4749 qui
1265 4673 1343 4733 sunt
1365 4672 1400 4733 in
1422 4671 1570 4748 pulvere,
1587 4670 1633 4734 ita
1651 4675 1747 4750 parvi
1761 4669 1842 4751 quod
1855 4662 1944 4727 nullus

331 4773 456 4836 tionem
492 4773 676 4850 mundare3
713 4773 799 4850 qarod
838 4773 937 4850 digne
973 4773 1125 4847 iacimus,
1182 4769 1289 4846 potest
1305 4769 1738 4833 secustodireamorsibus
1757 4754 1945 4834 illorum,sed

332 4871 463 4949 quando
496 4871 807 4948 irreprehensibiles
832 4887 893 4932 nos
917 4870 1126 4932 exhibemus.
1182 4866 1499 4943 postmorditionem
1512 4868 1623 4930 nullus
1633 4871 1741 4946 potest
1750 4863 1857 4930 satiari
1866 4869 1943 4934 alib

372 4967 547 5044 saeuitum
563 4969 677 5030 Nottte
692 4969 929 5030 thesaurizare
950 4971 1044 5031 cobis
1059 4970 1128 5032 the·
1181 4964 1258 5042 quia
1273 4964 1365 5025 tanta
1381 4967 1431 5028 est
1444 4966 1529 5040 sitis,
1543 4966 1630 5043 qued
1645 4968 1713 5030 tota
1727 4981 1811 5045 aqua
1824 4951 1944 5024 lumini³
1975 5023 1976 5028 ,

329 5077 454 5128 sauros
477 5067 514 5126 to
535 5063 633 5126 torro
647 5060 780 5142 (Matth.
801 5081 844 5136 vs,
862 5063 927 5144 19).
947 5067 1029 5128 Tres
1050 5067 1126 5128 suut
1179 5061 1233 5124 rel
1253 5061 1358 5123 maris
1378 5063 1502 5125 satiare
1520 5079 1588 5124 uon
1607 5065 1731 5141 possit3
1753 5065 1786 5125 et
1805 5051 1943 5152 sicuthy·¹
1975 5087 1976 5130 ἢ

331 5162 459 5238 species
498 5161 670 5224 hominum
710 5161 1018 5224 thesaurizantium.
1058 5164 1126 5225 hlii
1180 5159 1307 5237 dropici
1321 5175 1387 5220 non
1402 5161 1540 5237 possunt
1563 5162 1680 5224 satiari
1702 5175 1797 5240 aqua,
1812 5143 1943 5218 sicetilll

328 5258 556 5322 thesaurizant
578 5259 613 5320 in
633 5260 735 5332 terra,
752 5258 810 5320 alii
830 5257 864 5321 iu
887 5259 1067 5336 coe103alii
1089 5262 1124 5323 in
1179 5257 1235 5336 qui
1250 5257 1353 5318 morsi
1368 5258 1477 5320 sunta
1492 5258 1701 5336 serpentibus
1714 5256 1790 5320 illis.

328 5355 470 5419 interno.
489 5360 527 5419 ln
542 5358 630 5419 terra
650 5357 877 5420 thesaurizant
896 5357 953 5435 qui
972 5359 1014 5419 ad
1032 5374 1126 5436 qnae-
1218 5355 1285 5416 Ista
1296 5355 1438 5433 quatuor
1446 5371 1569 5431 genera
1580 5359 1769 5435 serpentum
1783 5337 1943 5428 signidcant

328 5455 432 5518 reuda
455 5453 542 5518 bona
564 5455 697 5517 terrena
722 5454 873 5517 laborant
896 5455 931 5516 in
955 5456 1124 5534 tempora·
1178 5454 1320 5530 quatuor
1336 5469 1459 5528 genera
1479 5453 1729 5517 demoniorum.
1749 5452 1882 5517 Primum
1898 5449 1943 5513 ἔθ’

328 5553 427 5625 libus,
451 5555 569 5634 quibus
590 5554 671 5616 dicit
684 5553 843 5616 Dominus
861 5555 896 5617 in
916 5557 1120 5634 Evangelio:
1177 5565 1241 5612 nus
1251 5551 1442 5627 suntigniti,
1452 5553 1485 5614 et
1496 5567 1627 5615 morsus
1638 5554 1771 5616 illorum
1782 5539 1940 5624 serpentum
1973 5533 1974 5614 ἶ

328 5654 439 5718 Nolite
479 5653 706 5719 thesaurizare
739 5651 833 5716 robis
871 5653 1048 5718 thesauros
1086 5655 1121 5719 in
1177 5649 1228 5714 est
1253 5649 1353 5726 iguis.
1379 5651 1427 5712 lta
1451 5650 1593 5729 primum
1612 5667 1718 5730 genus
1732 5642 1938 5716 daemoniorum

1969 6195 1972 6273 1
