3988 6302
590 345 748 418 QUINTA
770 349 1033 418 contributio.
1052 359 1130 420 ms.
1149 363 1205 423 ΙΙΙ.

282 574 435 652 capitino
459 578 595 642 Brteet.
609 577 658 660 (a)

359 755 496 819 CAPUT
518 759 575 824 111.

1663 386 1724 446 am

926 514 1078 583 obstante
1095 522 1285 601 hujusmodi
1300 535 1550 612 consuetudine,
1568 559 1641 620 quae
1656 547 1722 609 dici

925 617 1032 691 potest
1051 620 1161 696 potius
1182 628 1382 705 corruptela,
1406 632 1442 694 in
1466 637 1582 700 eodem
1609 643 1720 718 altari,

924 718 1086 789 prasente
1100 718 1246 798 imagine
1261 728 1463 805 supradicta,
1475 734 1584 812 ipsum
1597 742 1723 805 sacris·

922 810 1226 894 tam,eti1uoslibet
1244 821 1413 890 devestio
1437 833 1582 909 capitulo
1604 854 1720 903 sacer-

104 913 175 977 Nw
190 915 309 977 vespm
324 917 424 978 saluti
444 918 588 996 expedit,
605 935 667 982 nec
683 919 814 997 honori,
831 925 868 988 ut
922 907 1025 984 dotes,
1042 913 1107 975 nisi
1122 914 1186 979 hoc
1199 919 1249 981 eis
1263 937 1307 984 ex
1321 923 1387 987 alia
1403 943 1504 992 causa
1526 935 1718 1002 rationabili

67 1013 188 1093 aliquae
203 1013 238 1075 iii
253 1011 394 1076 ecclesia
408 1016 519 1078 vestra
534 1019 791 1082 consuetudines
806 1021 868 1084 ob-

66 1112 251 1184 serventur,
266 1127 339 1190 quae
352 1113 521 1176 canonicis
541 1113 676 1180 obvient
690 1119 862 1182 institutis.

65 1210 260 1289 Accepimus
289 1211 400 1274 antem
427 1226 471 1273 eit
493 1213 722 1278 insinuatione
750 1217 864 1281 dilecti

66 1307 125 1370 lilii
140 1324 174 1370 ii.
190 1307 394 1371 Brivatensis
415 1309 577 1384 sacristae,
603 1315 689 1391 quod
712 1317 863 1393 quaedam

65 1423 167 1486 prava
181 1407 384 1470 consuetudo
397 1408 432 1469 iu
445 1410 561 1472 eadem
575 1411 718 1475 ecclesia
741 1413 862 1477 obser-

64 1505 171 1578 vatur,
187 1505 367 1567 secundum
383 1523 481 1584 quam
497 1505 544 1589 (b)
559 1510 594 1571 in
609 1510 708 1573 altari
730 1513 860 1592 majori,

65 1603 212 1680 imagine
226 1603 339 1666 Sancti
354 1605 372 1667 J
376 1605 481 1666 aliani
496 1609 672 1684 praesente,
689 1611 802 1673 nullus
822 1612 862 1675 de

65 1701 209 1780 capitulo
224 1701 345 1765 audeat
363 1704 664 1784 quantumcumque
687 1705 862 1773 honestate

64 1799 269 1878 prefulgeat,
292 1800 359 1862 nisi
383 1801 427 1863 sit
448 1799 494 1882 (c)
512 1803 553 1866 de
568 1805 706 1869 militari
726 1823 859 1884 genere,

64 1897 243 1961 celebrare.
260 1900 366 1971 Quum
381 1899 493 1978 itaque
508 1917 575 1964 non
589 1904 712 1979 gradus
725 1905 862 1982 elegan-

63 1995 142 2068 tior,
168 1995 227 2058 sed
254 1997 332 2060 ritae
360 1997 509 2060 melioris
536 2001 623 2064 actio
650 2003 858 2081 praeferatur,

65 2109 121 2172 per
145 2097 208 2172 ap.
238 2111 271 2158 s.
301 2111 328 2156 s.
358 2097 570 2171 mandamus,
594 2101 766 2178 quatenoc,
794 2119 860 2166 non

97 2359 138 2434 (a)
156 2361 292 2446 capiate
314 2361 495 2445 Breearerisi.
512 2364 590 2445 hege
608 2363 780 2447 brivatensi.
797 2365 857 2448 ilii·

64 2433 450 2516 vateoppidurnnuhrveinise,
464 2433 603 2517 brioude,
615 2433 651 2492 ad
668 2433 859 2518 dulciculum

62 2502 859 2660 tirhtillthhttltttititttltltl

61 2643 107 2704 lib.
123 2646 191 2712 Vll,
207 2645 319 2716 tcta„
335 2659 398 2728 cap.
415 2646 459 2703 10.
478 2648 676 2704 Dehrveiniae
694 2647 809 2776 upside,
831 2654 859 2706 et

63 2715 232 2786 lilullano,
261 2715 727 2784 atronoillius,henricushltlssio
748 2720 858 2776 arensis

62 2787 89 2844 in
103 2789 165 2845 eila
180 2787 209 2845 S.
246 2788 367 2856 maiani,
379 2787 427 2844 lib.
445 2789 493 2848 lV.

108 2883 133 2955 1)
151 2884 288 2942 laudari
302 2883 415 2956 mejeri.
427 2883 457 2942 S.
468 2885 596 2944 lulianus
609 2886 701 2956 miles,
717 2893 746 2946 et
760 2900 857 2944 comes

61 2953 87 3012 S.
125 2955 243 3022 ermeli,
257 2954 293 3012 ab
305 2954 406 3014 Christi
422 2953 506 3014 sideni
523 2958 687 3040 martyrium
703 2957 790 3015 subiit
803 2957 856 3014 sub

59 3026 202 3100 Crispino,
217 3026 337 3086 Viennae
349 3025 495 3154 praelecto,
511 3027 540 3084 in
555 3041 637 3102 cuius
651 3029 790 3112 liquorem
803 3028 853 3114 ha·

59 3097 172 3156 silicam
187 3097 216 3154 in
238 3104 333 3155 entem
361 3113 437 3155 uisse
457 3106 582 3157 erectam
603 3099 701 3158 scribit
715 3101 856 3173 Georgius

59 3169 189 3236 Florens,
228 3168 378 3226 uicnensis
394 3167 556 3242 episcopus,
576 3169 709 3243 antiquus
724 3171 853 3255 scriptor,

56 3239 102 3312 qut
123 3239 200 3298 risit
219 3252 304 3322 supra
329 3254 420 3297 annos
432 3241 608 3368 quingentas
620 3249 648 3299 et
660 3249 853 3326 septuaginta,

55 3311 183 3368 insertus
197 3309 275 3368 libris
290 3311 419 3386 Gregorii
455 3326 549 3380 uiam,
565 3311 598 3368 de
612 3313 776 3370 miracul-ts:
792 3327 852 3370 sin·

55 3383 160 3454 gulare
175 3388 218 3438 est
232 3380 307 3466 quod
318 3395 374 3438 uon
390 3381 607 3439 admitterentur
621 3383 677 3440 nisi
691 3383 855 3442 sacerdotes

57 3453 193 3512 nillitaris
218 3453 315 3526 stirpis
336 3451 372 3510 ad
399 3453 495 3510 missa
523 3453 696 3512 sacrificium
719 3454 749 3512 in
773 3455 854 3512 altari

57 3525 173 3598 majori,
186 3538 271 3608 quein
281 3537 390 3582 rnorem
414 3523 534 3582 abusum
558 3523 742 3608 esscjudlcat
759 3525 854 3608 Hono·

56 3596 122 3654 iius.
136 3597 186 3654 lta
202 3609 230 3650 iii
246 3594 342 3651 inultis
355 3593 426 3652 locis
441 3609 498 3652 non
512 3608 614 3653 omnes
628 3610 735 3668 passim
750 3595 852 3680 admit·

56 3674 157 3725 tuntui
177 3665 214 3722 ad
235 3665 323 3722 altare
343 3665 437 3738 maius
460 3672 563 3738 preter
585 3667 749 3736 canonicos,
771 3673 801 3724 ut
825 3681 854 3724 in

57 3745 153 3796 nostra
169 3735 313 3795 Telesina
327 3735 459 3794 ecelesia.
482 3739 568 3794 Error
586 3743 681 3794 autem
697 3737 743 3796 ille
758 3734 854 3796 forsan

76 3807 200 3867 incessit
213 3822 249 3864 ex
263 3822 308 3876 eo,
322 3807 397 3879 quod
412 3808 475 3865 icon
495 3813 625 3866 sanetum
639 3809 783 3867 lulianum
798 3809 851 3866 mi-

57 3825 132 3938 Rtem
148 3883 379 3952 representaret,
389 3885 418 3936 et
429 3877 534 3935 idcirco
547 3891 643 3948 uenio,
654 3881 709 3939 nisi
724 3879 855 3937 militaris

77 3951 185 4018 eneiis,
207 3955 274 4006 ante
297 3949 387 4021 ipsius
406 3950 564 4023 imaginem
579 3951 697 4007 missam
709 3950 854 4008 celebrare

57 3965 179 4095 gumiae
212 4022 255 4078 lta
280 4034 393 4092 quoque
414 4020 443 4076 in
466 4020 547 4077 altari
570 4021 599 4076 iu
621 4036 677 4094 quo
703 4022 854 4149 episcopus

57 4090 225 4160 celebravit,
240 4090 326 4147 alium
348 4089 524 4148 sacerdotem
546 4105 604 4148 non
618 4105 715 4150 essee
737 4099 851 4149 mitten·

56 4164 121 4222 dum
137 4163 224 4220 docet
238 4175 303 4219 can.
318 4159 381 4230 ult,
402 4161 436 4218 de
447 4162 656 4230 consacr.,dist.
670 4164 697 4232 l,
713 4170 742 4220 et
755 4163 852 4248 conci-⁸

57 4237 124 4293 lium
148 4231 401 4292 atissiodorense.
425 4231 536 4290 Ethai
557 4229 594 4289 de
616 4247 703 4292 cause
722 4248 854 4292 canonici

60 4309 244 4365 brivatenses
254 4303 390 4360 comitum
400 4317 506 4360 nomen
520 4301 574 4360 sibi
587 4311 766 4379 arrogamnt,
778 4303 853 4377 quod

59 4373 256 4450 superioribus
283 4374 367 4430 annis
394 4373 497 4446 placito
525 4375 624 4450 magni
653 4373 766 4434 concilii
797 4375 852 4434 illis

58 4447 233 4520 prohibitum
245 4441 307 4503 luit.

90 4545 129 4618 (e)
144 4539 324 4604 Demilitari
342 4555 450 4614 gotera.
473 4543 571 4600 llonoi
591 4551 727 4616 paternus
746 4557 850 4620 propa·

76 4627 140 4676 atui
159 4615 191 4672 iu
203 4611 320 4683 liberos,
336 4613 357 4670 l.
375 4612 486 4682 litmos,
501 4615 534 4670 de
546 4619 668 4672 senator.
699 4615 717 4673 l.
737 4615 851 4684 milites,

55 4633 166 4752 §.aad
177 4683 244 4768 ldeo
256 4683 291 4741 ad
301 4682 408 4740 milltiae
422 4682 560 4768 honoiem
573 4699 630 4770 non
641 4657 851 4772 admittebatur,

55 4753 851 4912 tarantasiensis*statianum

56 4905 88 4960 17
113 4899 166 4959 lib.
183 4900 233 4966 Vl,
247 4899 323 4954 Petri
337 4894 373 4958 ds
390 4897 489 4954 Vincis
503 4897 559 4956 hac
572 4896 608 4955 de
622 4913 662 4957 ie.
684 4901 752 4958 llaec
768 4898 849 4957 nohi-

54 4947 119 5032 litas
134 4968 254 5045 generis
268 4967 356 5026 etiam
367 4965 400 5024 'in
408 4968 534 5025 Ecclesia
551 4969 850 5056 commendatui,cap.

56 5045 89 5102 lt
114 5043 149 5100 de
158 5040 287 5112 iareim.
303 5045 331 5094 et
342 5052 406 5112 cap.
421 5039 449 5121 8,
465 5054 496 5095 m
507 5039 593 5097 tertia
612 5041 760 5111 compilet.
777 5044 849 5101 lilli-

55 5087 114 5174 tufn
128 5109 220 5170 rerba
235 5108 346 5166 nobiles
361 5109 555 5182 intelliguntur
574 5111 696 5196 origine,
710 5113 768 5196 qui·
777 5113 849 5242 legi·

53 5187 115 5243 timi
130 5188 282 5250 vocantur,
303 5179 346 5237 tit.
369 5181 402 5237 de
419 5195 489 5251 pace
503 5185 558 5238 ten.
573 5181 587 5254 5
604 5197 630 5238 st
643 5185 734 5252 miles,
750 5183 798 5242 lib.
828 5187 849 5254 l,

67 5257 168 5314 sudor.
179 5251 232 5322 Qui
241 5250 311 5324 justi
325 5257 431 5308 suntet
445 5251 579 5325 descripti
594 5253 622 5310 in
637 5253 782 5312 codicibus
795 5256 848 5314 mi·

54 5257 195 5392 stlembus,
207 5327 264 5379 τοῦς
277 5322 509 5388 ἀπογεγραμμένους
521 5323 666 5388 aperturae,
682 5333 766 5383 vocat
791 5327 848 5383 No·

53 5399 130 5455 uelle
149 5395 167 5453 3
191 5392 369 5454 constantini
393 5391 664 5468 Porphymgenette,
697 5403 726 5454 et
747 5395 852 5454 llberos

54 5468 200 5536 dominos,
216 5465 316 5538 quales
333 5469 399 5521 sunt
412 5463 546 5535 barones,
562 5467 691 5535 comites,
704 5474 734 5524 et
753 5465 850 5537 duces,

54 5555 127 5614 ques
138 5541 216 5612 Papa
229 5535 341 5594 nobiles
353 5535 487 5608 appellat,
502 5541 534 5592 ut
548 5535 588 5593 ait
599 5539 751 5596 lirantzius
762 5539 779 5596 3
791 5539 849 5597 lla·

53 5618 142 5682 trop,
167 5623 230 5681 cap.
247 5608 279 5675 i,
299 5603 447 5673 distinctos
461 5621 478 5663 a
491 5607 647 5681 gregariis,
663 5609 795 5682 caligatis
805 5655 812 5676 ‚
823 5617 851 5668 et

53 5679 199 5748 solduiiis,
213 5676 454 5744 ministerialibus,
479 5685 507 5734 et
528 5677 692 5736 laudatitiis
706 5678 781 5752 apud
795 5681 848 5739 Cu·
870 5703 872 5708 ·

50 5753 163 5825 Jacium
182 5749 210 5808 in
225 5749 288 5808 libr.
303 5748 413 5820 [maduit
434 5749 494 5807 Nec
516 5747 567 5806 alis
587 5763 618 5808 re
637 5749 767 5810 militaris
781 5751 851 5810 ordo

921 1005 1038 1072 debeat
1060 1009 1224 1090 interdici,
1246 1018 1416 1088 celebrare
1430 1028 1503 1090 sine
1523 1034 1716 1098 contradic-

919 1103 1010 1168 tione
1024 1107 1138 1188 aliqua
1152 1115 1364 1190 permittatis.

1046 1291 1309 1372 archiepiscopo
1321 1299 1502 1374 Sipontina
1517 1305 1579 1388 (d).

1215 1434 1436 1542 aarurivss

957 1605 1003 1668 Te
1017 1607 1181 1674 referente
1194 1611 1381 1693 didicimus,
1396 1624 1482 1698 quod
1495 1625 1530 1688 in
1544 1626 1597 1691 die
1610 1647 1713 1697 coenas

916 1703 1047 1766 Domini
1079 1707 1119 1770 de
1151 1711 1288 1790 antiqua
1317 1716 1441 1782 teneris
1471 1729 1712 1794 consuetudine

916 1801 1061 1865 chrisma
1088 1807 1252 1872 conficere
1277 1811 1313 1875 in
1339 1815 1480 1882 ecclesia
1515 1823 1709 1906 Sipontina3

916 1899 974 1960 sed
986 1917 1087 1977 quum
1098 1920 1196 1968 maiia
1213 1908 1280 1970 diei
1292 1913 1440 1989 ejusdem
1460 1914 1503 1992 (e)
1524 1921 1565 1982 ad
1581 1925 1711 2003 Garga—

915 1997 1026 2060 nicam
1041 2003 1180 2066 accedes
1195 2006 1383 2096 ecclesiam,
1396 2013 1432 2075 ut
1442 2013 1487 2077 ibi
1499 2021 1597 2094 prout
1610 2026 1716 2088 moris

915 2095 967 2159 est
980 2093 1026 2178 (s)
1041 2099 1184 2178 recipias
1198 2107 1402 2184 peregrinos,
1424 2111 1532 2190 ipsius
1553 2115 1619 2182 loci
1643 2122 1712 2185 cle-

914 2361 1130 2423 cemmendatur
1146 2383 1153 2424 :
1169 2381 1237 2426 nam
1251 2369 1281 2426 lu
1294 2369 1421 2442 pluribus
1436 2371 1567 2432 ecclesiis
1582 2388 1639 2432 uon
1654 2376 1709 2435 nisi

913 2433 1024 2492 nobiles
1042 2435 1237 2510 admittuntur,
1257 2449 1288 2498 ut
1312 2442 1341 2499 in
1362 2445 1484 2500 ecclesia
1512 2445 1708 2520 lugdunensi,

913 2505 960 2576 qui
972 2511 1000 2561 et
1010 2505 1074 2564 ideo
1087 2518 1224 2568 vocantur
1238 2512 1367 2583 comites,
1381 2521 1410 2571 et
1424 2515 1454 2572 in
1468 2514 1569 2588 Belgio
1584 2516 1710 2577 reiciunt

913 2575 1040 2634 historici
1055 2577 1216 2652 Philippum
1231 2583 1269 2651 ll,
1283 2583 1485 2656 Hispaniarum
1495 2601 1605 2660 regem,
1620 2604 1708 2662 quuiu

912 2660 1004 2704 novas
1016 2648 1153 2706 ecclesias
1166 2659 1344 2711 construeret
1356 2653 1513 2713 obtinuisse
1525 2671 1540 2714 a
1553 2659 1641 2716 Paulo
1657 2661 1707 2728 lv,

913 2717 1031 2776 Summo
1045 2720 1192 2790 Pontice,
1207 2730 1239 2780 ut
1253 2730 1310 2780 tres
1343 2724 1483 2782 rabendae
1498 2726 1652 2802 theologis,
1669 2737 1708 2788 tc

911 2787 999 2846 tidem
1011 2788 1083 2872 juris
1103 2791 1192 2860 eritis,
1212 2801 1241 2852 et
1265 2739 1341 2852 totid)

911 2866 1017 2917 rentur.
1034 2863 1069 2920 lli
1089 2875 1106 2918 e
1121 2862 1265 2922 molanum
1275 2864 1323 2923 lib.
1335 2867 1372 2936 ll,
1386 2868 1419 2924 de
1431 2863 1589 2938 Canentem,
1603 2870 1644 2928 tit.
1659 2871 1706 2930 29.

911 2929 990 2988 Idem
1005 2931 1034 2988 iu
1052 2931 1339 3006 ecclesiisiluscensi,
1360 2944 1389 2994 et
1403 2938 1581 2997 hasteriensi
1596 2941 1625 2996 in
1642 2941 1703 3013 qui·

910 3001 964 3059 bus
978 3015 1036 3059 uon
1051 3003 1245 3075 admittuntur,
1262 3006 1316 3064 uisi
1338 3007 1480 3080 graduali,
1505 3017 1554 3068 aut
1575 3011 1704 3070 nobiles:

929 3072 985 3130 uod
1000 3081 1097 3132 tamen
1111 3075 1252 3148 improbat
1266 3079 1450 3137 Innocentius
1468 3081 1519 3150 lll,
1538 3082 1568 3139 in
1591 3096 1624 3140 ea
1649 3085 1707 3140 ,αα

942 3159 1042 3214 omem,
1057 3145 1091 3202 de
1112 3146 1234 3206 institut.
1250 3156 1280 3207 et
1293 3163 1356 3222 cap.
1370 3151 1560 3222 ammobilia,
1574 3153 1608 3210 de
1625 3099 1703 3212 grie·

909 3213 999 3284 bend,
1013 3222 1129 3290 propter
1147 3217 1279 3278 eamdem
1301 3221 1442 3278 rationem
1457 3237 1543 3296 quam
1560 3223 1607 3281 hie
1622 3224 1706 3284 adsit

910 3285 1063 3356 llonoiius,
1078 3295 1107 3345 et
1121 3287 1240 3346 refertur
1252 3291 1282 3348 in
1298 3305 1362 3349 can.
1378 3307 1429 3350 rios
1443 3295 1501 3366 qai,
1524 3295 1560 3353 to
1576 3295 1703 3354 distinct.

944 3373 985 3456 td)
997 3375 1213 3460 Arciiepmcepo
1226 3379 1380 3449 sipontino.
1394 3381 1522 3454 siponto,
1531 3383 1647 3441 civitate
1657 3399 1702 3442 ar-

909 3443 1055 3519 chiepisco
1094 3447 1113 3504 li
1135 3449 1217 3522 regui
1230 3450 1411 3522 Neapolitani
1433 3466 1449 3509 a
1469 3453 1634 3512 sarracenis
1651 3454 1702 3512 de-

908 3515 976 3586 leta,
991 3517 1058 3574 lieu
1071 3516 1217 3576 redaniam
1232 3517 1316 3577 sedes
1330 3528 1373 3578 est
1388 3523 1543 3595 translata;
1557 3523 1701 3582 nihilomi-

909 3601 963 3643 nus
984 3587 1150 3660 sipontinus
1172 3598 1352 3673 nuncupatui
1375 3593 1507 3664 quamvis
1530 3594 1703 3680 residentia

909 3655 1104 3742 llaniieduuia
1119 3659 1232 3718 condita
1248 3660 1434 3732 allanlredo,
1451 3663 1592 3750 diederici
1607 3665 1703 3726 ilitio

909 3730 1040 3800 naturali,
1050 3745 1126 3790 auno
1141 3731 1221 3790 libo·
1234 3733 1267 3791 ln
1281 3747 1350 3791 casu
1361 3742 1539 3794 necessitatis
1553 3736 1636 3794 binas
1645 3753 1703 3796 uuo

909 3797 955 3857 dic
968 3815 1054 3872 posse
1076 3802 1112 3860 ab
1132 3801 1234 3860 ecdem
1254 3803 1392 3862 celebrari
1415 3807 1519 3866 missas
1541 3815 1652 3866 constat
1666 3823 1703 3866 ex

908 3885 972 3928 caii.
988 3873 1118 3946 susm,
1139 3874 1173 3931 de
1192 3881 1358 3944 conanae,
1374 3874 1439 3935 dist.
1454 3879 1480 3936 1.
1507 3879 1650 3937 lloncrius
1674 3879 1703 3937 ld

908 3941 1035 4026 damnat,
1051 3943 1127 4016 quod
1141 3951 1238 4003 tamen
1262 3947 1323 4030 suis
1343 3953 1399 4004 tem
1442 3948 1519 4030 ribus
1540 3949 1658 4034 invaluit
1673 3951 1701 4008 in

907 4013 1183 4156 natholiae
1205 4017 1703 4171 t⁰i¹¹llhn¹lll,”iatt¹tt

925 4170 977 4224 ern,
993 4155 1068 4240 apud
1083 4154 1248 4215 llatthteum
1267 4159 1358 4242 Paris:
1381 4160 1434 4242 llic
1453 4173 1521 4216 reio
1544 4160 1702 4244 necessitas

906 4225 1514 4382 litanti?illnlhlilffilttlth
1537 4231 1702 4358 ttttttt

907 4374 1022 4496 lilii
1044 4367 1100 4426 ‘¹¹⁹¹
1120 4367 1700 4500 ⁸⁰¹⁶i¹tillttlthtttllilith

907 4453 1403 4584 dicoiilffisogsearssng'ap.ndcnsu¹luist{
1417 4510 1473 4569 hcc
1485 4513 1528 4571 tit.
1538 4458 1697 4585 apudpGie-

907 4589 1022 4709 11Θι
1035 4581 1083 4639 ”²¹
1106 4580 1627 4713 tlit-'tttlititillabit
1641 4584 1698 4654 ‘¹³⁰’

907 4667 1060 4725 serapio
1094 4667 1141 4710 eu
1191 4669 1223 4710 ι.
1619 4698 1626 4713 .

944 4739 981 4814 (a)
996 4741 1046 4798 ild
1060 4740 1250 4812 Garganicom
1262 4741 1415 4799 meletiam.
1438 4744 1522 4801 Mons
1536 4744 1698 4818 Garganus,

905 4815 997 4868 mame
1021 4811 1052 4868 dt
1072 4812 1101 4894 s,
1126 4811 1244 4896 appeto,
1263 4812 1332 4870 urbs
1355 4814 1423 4896 olim
1447 4814 1699 4898 archiepiscopalis

906 4881 998 4939 dicata
1009 4881 1037 4940 S.
1054 4880 1378 4957 tlichaelisiehaugelo
1390 4899 1420 4942 in
1434 4892 1532 4944 monte
1544 4895 1609 4946 sita.

943 4967 981 5044 (ο
996 4969 1124 5042 Recipies
1137 4969 1308 5042 peremtum.
1326 4973 1394 5030 llaec
1407 4973 1494 5031 veiha
1510 4982 1576 5033 suut
1589 4983 1699 5035 tantum

906 5041 935 5100 iu
950 5041 1040 5110 MSS„
1056 5041 1170 5115 rejectis
1189 5042 1252 5100 aliis
1270 5058 1334 5116 qum
1354 5044 1384 5100 in
1403 5045 1529 5118 vulgatis
1551 5049 1697 5119 reperiun-

905 5118 960 5182 tur,
976 5125 1080 5196 uempe
1092 5113 1263 5183 medentes,
1280 5115 1698 5185 iel,ramtttentas.raenimutes

906 5185 983 5244 enini
998 5183 1206 5256 recipiebantur
1225 5191 1335 5242 tantum
1359 5186 1388 5242 iu
1408 5184 1574 5256 cathedrali,
1590 5202 1647 5246 non
1670 5191 1699 5248 in

906 5255 962 5312 allo
974 5257 1055 5326 loc0;
1071 5252 1122 5311 sed
1142 5255 1239 5312 archia
1260 5255 1374 5329 iscopus
1388 5257 1517 5315 ecclesie
1543 5259 1700 5332 Sipontina

1335 2811 1382 2853 cm
1407 2796 1549 2856 nobilibus
1572 2800 1705 2872 assigua-

906 5326 942 5384 ad
965 5325 1076 5383 radices
1097 5327 1202 5384 montis
1271 5327 1353 5400 igani
1375 5327 1446 5397 sitm,
1467 5328 1576 5388 solebat
1598 5331 1627 5387 ln
1652 5332 1700 5390 die
1818 5335 1834 5357 ¹

905 5395 999 5456 Coente
1014 5396 1127 5454 Domini
1142 5403 1268 5454 montem
1285 5397 1380 5455 subire
1400 5398 1435 5476 ad
1454 5401 1633 5472 recipiendos
1648 5419 1697 5476 pa·

906 5469 1104 5542 regimoseti
1118 5469 1253 5540 templum
1267 5469 1300 5526 Ι).
1312 5467 1442 5527 llichaeli
1455 5469 1578 5528 dicatum
1592 5487 1699 5547 magno

906 5539 1074 5622 populorum
1087 5553 1227 5620 concursu
1241 5537 1265 5596 li
1304 5541 1468 5610 ueniebant,
1484 5547 1556 5600 teste
1569 5545 1699 5624 Ferraria

905 5625 935 5738 li
950 5609 1310 5753 immittitis
1322 5611 1705 5750 itliiltttittlthllt

905 5752 933 5808 iti
947 5751 1086 5824 Descript.
1097 5751 1200 5808 ltelte.
