3962 6294
228 371 288 436 427
565 393 567 396 ·
853 359 1030 423 HONORII
1050 359 1095 422 III
1117 359 1264 422 oralia.
1823 359 1884 421 428

270 525 688 604 111001110110111110101110,
708 523 740 584 et
754 521 855 584 dicit:
875 521 1028 600 «Accipe
1082 520 1159 583 tatis
1177 519 1320 596 insigne,
1339 519 1467 596 virgam
1485 518 1613 582 scilicet
1629 520 1752 582 rectam
1770 521 1884 598 regui»

232 625 379 701 gladium
401 641 475 686 curn
499 623 559 684 Dei
582 620 811 683 benedictione
836 619 896 683 tibi
925 621 1029 682 colla·
1082 620 1210 696 virgam
1234 617 1378 690 virtutis
1402 634 1467 696 qua
1487 619 1519 680 te
1538 617 1648 696 ipsum
1664 618 1749 680 bene
1768 634 1885 695 regas,

233 726 314 798 tum,
346 724 381 786 in
408 738 473 801 quo
493 737 553 799 per
577 720 733 782 virtutem
758 719 901 797 Spiritus
922 718 1029 781 sancti
1083 718 1231 780 sanctam
1253 715 1447 788 Ecclesiam,
1471 717 1694 794 populumque
1719 717 1887 779 Christia-

233 822 391 885 resistere
405 821 438 883 01
451 821 572 898 ejicere
587 834 701 881 omnes
718 819 870 880 inimicos
883 819 956 880 tuos
969 834 1030 878 va·
1084 833 1162 878 num
1184 814 1244 878 tibi
1271 831 1290 876 a
1314 817 1381 876 Deo
1406 815 1617 876 commissum
1641 816 1735 892 regia
1758 815 1887 878 virtute

233 919 314 992 leas,
332 921 364 982 01
377 920 512 981 cunctos
528 917 652 979 sanctae
671 917 731 978 Dei
748 915 898 978 ecclesiae
910 916 1031 978 adser—
1084 913 1125 976 ab
1140 912 1300 992 improbis
1315 913 1484 986 delendas,
1496 929 1616 992 pravos
1631 913 1790 990 corrigas,
1808 929 1888 974 rec-

233 1017 355 1090 0111100,
376 1032 581 1095 regnumque
601 1014 663 1077 tibi
679 1013 890 1076 commissum
913 1014 1027 1088 tutari,
1083 1013 1135 1076 tos
1152 1013 1318 1092 paciiices,
1337 1014 1369 1076 01
1382 1013 1418 1076 ut
1429 1011 1517 1073 viam
1534 1013 1658 1074 rectam
1673 1013 1786 1074 tenere
1804 1029 1888 1089 pos·

231 1116 330 1195 atque
349 1102 526 1194 protegere
547 1114 658 1176 castra
684 1112 762 1182 Dei,
785 1129 845 1191 per
866 1112 1029 1174 auxilium
1084 1113 1166 1186 sint,
1194 1113 1250 1176 tuo
1275 1112 1448 1191 iuvamina
1477 1112 1619 1189 dirigas,
1647 1113 1811 1191 quatenus
1845 1112 1887 1172 de

232 1214 444 1277 invictissimi
475 1211 728 1291 triumphatoris
760 1210 891 1274 Domini
923 1212 1029 1274 nostri
1083 1212 1257 1290 temporali
1268 1227 1371 1289 regno
1384 1211 1423 1274 ad
1436 1211 1596 1274 aeternum
1610 1210 1798 1288 pervenias,
1809 1209 1887 1287 ipso

232 1317 313 1376 lesu
325 1313 460 1386 Christi,
479 1312 536 1390 qui
551 1327 628 1393 cum
643 1311 742 1372 Patre
755 1308 790 1372 in
808 1310 934 1372 unitate
954 1309 1031 1387 spi·
1084 1310 1262 1388 adJuvante
1284 1313 1379 1388 cujus
1403 1325 1542 1387 regnum
1562 1310 1596 1371 01
1610 1309 1786 1386 imperium
1810 1310 1887 1370 sine

233 1411 317 1474 ritus
342 1411 448 1473 sancti
473 1410 557 1472 vivit
580 1411 612 1472 et
635 1407 805 1486 regnatuin
823 1407 943 1470 saecula
965 1423 1032 1470 sae-
1085 1408 1150 1471 line
1160 1409 1331 1486 permanet
1341 1409 1376 1470 in
1386 1407 1726 1470 saeculasaeculorum.
1738 1409 1888 1469 Amen.»

233 1509 395 1581 culorum,
416 1511 567 1571 Amen.»
1126 1508 1244 1569 Oratio
1265 1507 1345 1579 post
1368 1507 1488 1569 11011011
1513 1507 1699 1581 sceptrum.
1728 1505 1887 1568 Omnium

274 1609 393 1670 Oratio
407 1608 486 1683 post
504 1609 656 1684 gladium
671 1623 683 1668 :
701 1623 720 1667 e
736 1608 822 1669 Deus
838 1605 895 1685 qui
913 1604 1030 1684 provi·
1084 1604 1223 1667 Domine
1239 1604 1313 1666 fons
1330 1604 1502 1677 benorum,
1525 1604 1781 1682 cunctorumque
1794 1605 1889 1666 Deus

234 1705 345 1768 dentia
362 1706 420 1768 tua
437 1705 585 1767 eoelestia
602 1704 701 1766 simul
713 1705 747 1767 ei
757 1705 890 1767 terrena
911 1703 1030 1767 mede-
1085 1703 1255 1766 institutor
1269 1701 1491 1782 profectuum,
1507 1702 1616 1764 tribue
1626 1717 1819 1780 quaesumus
1834 1701 1889 1764 sa-

234 1803 333 1873 10110,
351 1803 532 1882 propitiare
547 1803 830 1866 christianissimo
852 1802 935 1879 Regi
948 1818 1032 1864 nos·
1086 1802 1174 1865 mulo
1189 1803 1246 1866 tuo
1267 1803 1319 1864 ·N·
1337 1801 1491 1880 adeptam
1513 1799 1719 1877 boneregere
1737 1801 1888 1877 dignita·

234 1901 301 1974 tro,
329 1901 366 1963 ut
395 1901 503 1962 omnis
533 1899 679 1963 hostium
708 1915 843 1963 suorum
873 1899 1033 1963 fortitudo
1085 1903 1163 1974 tem,
1182 1901 1214 1963 01
1228 1917 1248 1962 a
1263 1899 1297 1962 te
1309 1899 1372 1961 sibi
1389 1899 1572 1978 praestitum
1587 1898 1748 1961 honorem
1767 1914 1890 1960 00110-

233 1998 357 2062 virtute
384 1999 487 2076 gladii
514 1997 680 2077 spirituali
714 1997 905 2076 frangatur,
933 2000 1032 2078 atque
1085 1999 1206 2062 borare
1218 1998 1374 2076 dignare;
1387 1997 1572 2060 honorifica
1584 2013 1660 2059 eum
1670 2011 1738 2076 pras
1753 1995 1888 2059 cunctis

234 2095 292 2158 1110
307 2097 475 2175 pugnante
492 2096 624 2174 penitus
639 2097 873 2159 conteratur.»
1085 2096 1220 2174 regibus
1231 2095 1343 2170 terrae,
1356 2095 1451 2159 uberi
1464 2112 1539 2158 eum
1550 2094 1889 2158 benedictlonclocu·

274 2197 343 2256 Hie
355 2194 552 2257 coronetur.
571 2194 663 2256 Tunc
677 2191 933 2257 archidiaconus
947 2193 1034 2258 acci·
1086 2196 1185 2274 pleta,
1198 2195 1230 2258 01
1241 2194 1276 2256 in
1292 2193 1376 2258 solio
1390 2194 1485 2272 regui
1501 2193 1596 2256 firma
1611 2192 1790 2257 stabilitate
1804 2208 1888 2255 cen-

235 2290 305 2369 piat
326 2307 483 2354 coronam
503 2291 544 2352 de
565 2290 664 2354 altari
685 2291 793 2354 sancti
813 2291 979 2365 Maurioii,
999 2293 1033 2356 et
1087 2291 1203 2356 solida.
1217 2291 1323 2354 visita
1338 2307 1414 2354 eum
1431 2290 1604 2367 insobole,
1620 2291 1740 2370 praesta
1756 2290 1788 2353 ei
1807 2307 1888 2368 pro-

235 2389 384 2468 porrigat
402 2389 535 2451 domino
550 2391 661 2468 Papae,
683 2405 782 2468 quam
803 2407 904 2469 quum
925 2389 1033 2452 domi·
1086 2389 1249 2454 lixitatem
1258 2389 1347 2463 vitae,
1359 2389 1395 2452 in
1405 2388 1521 2452 diebus
1534 2391 1607 2468 eJus
1617 2405 1748 2467 semper
1757 2389 1888 2451 oriatur

235 2503 298 2566 nus
312 2490 402 2567 Papa
414 2488 563 2567 posuerit
577 2502 678 2566 super
693 2490 794 2566 caput
809 2489 924 2562 Electi,
945 2489 1033 2552 dicat
1082 2488 1225 2568 justitia,
1237 2489 1274 2551 ut
1285 2505 1359 2549 cum
1366 2487 1574 2566 jucunditate
1583 2489 1618 2550 et
1628 2486 1746 2550 loetitia
1759 2487 1888 2550 aeterno

235 2585 322 2647 banc
335 2585 540 2649 orationem:
555 2585 707 2664 «Accipe
721 2586 852 2663 signum
866 2588 982 2663 gloriae
996 2587 1033 2649 in
1086 2587 1248 2665 glorietur
1262 2586 1296 2649 in
1312 2602 1427 2664 regno.
1443 2588 1509 2648 Per
1522 2584 1708 2658 Dominum,
1724 2585 1788 2648 etc.

234 2685 370 2746 nomine
391 2683 503 2747 Patris
529 2685 563 2746 et
587 2683 665 2746 Filii
686 2684 719 2747 et
743 2684 885 2763 Spiritus
912 2685 1030 2759 sancti,
1126 2687 1206 2749 Post
1217 2686 1301 2757 baec,
1317 2685 1470 2747 dominus
1484 2686 1574 2763 Papa
1587 2699 1662 2746 cum
1677 2683 1746 2744 suis
1761 2682 1887 2744 minis-

235 2783 269 2844 et
291 2783 403 2860 spreto
426 2783 562 2860 antiquo
588 2781 696 2856 hoste,
722 2783 906 2862 spretisque
923 2784 1034 2846 001110·
1087 2784 1147 2848 1110
1166 2783 1208 2846 ad
1228 2783 1335 2847 altars
1354 2781 1443 2845 beati
1467 2781 1558 2845 Petri
1584 2781 1888 2844 severianarum

235 2880 299 2954 giis
314 2881 461 2941 omnium
476 2881 647 2951 vitiorum,
667 2880 715 2943 sic
731 2880 893 2959 judicium
913 2881 946 2945 et
961 2884 1035 2958 jus·
1088 2878 1363 2959 praelectusurbis
1372 2880 1405 2942 et
1414 2879 1624 2958 primicerius
1628 2877 1823 2957 judicumde
1833 2876 1889 2936 du·

235 2977 341 3040 titiam
366 2978 503 3056 diligas,
525 2980 559 3041 01
582 2977 628 3040 ita
648 2977 908 3040 misericorditer
925 2979 1031 3052 vivas,
1087 2979 1433 3056 000111111010101011,
1449 2975 1695 3054 imperatricem
1714 2991 1889 3053 10101110

237 3075 274 3137 ut
292 3075 333 3136 ab
353 3075 425 3154 ipso
449 3076 589 3138 Domino
613 3075 726 3138 nostro
746 3077 765 3138 1
768 3091 828 3138 esu
850 3075 981 3139 Christo
998 3077 1033 3139 in
1088 3077 1193 3139 lectus
1208 3074 1330 3138 stabuli
1345 3077 1378 3138 et
1395 3073 1643 3137 secundicerius
1661 3073 1812 3151 judicum
1829 3072 1886 3152 (1).

236 3174 404 3236 consortio
420 3175 616 3236 Sanctorum
634 3173 751 3236 aeterni
765 3173 861 3252 regni
877 3190 1034 3238 coronam
1088 3174 1213 3247 Quibus
1234 3173 1269 3236 in
1287 3174 1371 3237 locis
1392 3173 1463 3236 suis
1481 3175 1552 3252 Jam
1574 3171 1751 3244 stantibus,
1773 3170 1888 3234 domi-

237 3271 412 3349 percipias.
430 3271 581 3345 Quicum
597 3271 806 3335 Patreetc.»
1089 3289 1151 3334 nus
1171 3275 1262 3351 Papa
1281 3273 1419 3351 incipit:
1441 3275 1564 3335 Gloria
1582 3274 1619 3333 in
1637 3273 1782 3334 00001010
1803 3273 1886 3332 Deo.

277 3371 457 3446 impositio
476 3385 613 3433 corones
630 3386 737 3446 snper
759 3371 862 3447 ceput
881 3375 1032 3449 Reptvzoe,
1089 3371 1129 3434 at
1142 3370 1256 3434 schola
1273 3371 1461 3450 respondet.
1475 3370 1601 3433 Deinde
1615 3367 1695 3432 dicit
1707 3368 1793 3430 hanc
1810 3383 1890 3430 ora-

238 3484 336 3547 quam
351 3485 426 3530 cum
442 3469 581 3547 imponit
592 3469 744 3531 dominus
760 3473 850 3548 Papa
863 3487 964 3548 super
977 3486 1036 3532 ca·
1089 3470 1213 3533 nonem
1229 3491 1236 3533 :
1253 3472 1341 3532 Deus
1360 3483 1537 3547 regnorum
1554 3467 1713 3540 omniurn,
1732 3467 1795 3529 etc.
1817 3468 1889 3538 Qua

237 3569 296 3644 put
309 3569 393 3644 ejus,
410 3567 582 3646 imponant
597 3583 714 3630 manus
730 3567 855 3646 septem
874 3568 1033 3648 episcopi,
1089 3567 1201 3642 linita,
1227 3567 1483 3631 archidiaconus
1509 3582 1584 3628 cum
1610 3566 1742 3629 coeteris
1770 3563 1889 3642 palatii

238 3667 272 3726 et
283 3663 373 3726 dicat
386 3663 538 3727 dominus
553 3667 644 3742 Papa
658 3665 727 3728 alta
738 3681 820 3728 1000
834 3687 842 3727 s
1089 3664 1293 3738 diaconibus,
1311 3665 1344 3728 01
1357 3664 1548 3744 primicerio
1560 3664 1594 3728 ei
1607 3661 1822 3726 subdiaconis
1838 3661 1890 3722 in-

277 3761 427 3839 «Accipe
436 3777 592 3824 coronam
602 3761 950 3838 regalisexcellentiae,
961 3781 1035 3844 quae
1089 3765 1140 3826 ter
1165 3778 1299 3825 crucem
1326 3763 1361 3824 01
1385 3762 1491 3826 altare
1517 3761 1633 3840 incipit
1660 3761 1722 3822 has
1745 3759 1887 3822 laudes:

238 3860 316 3922 licet
339 3858 381 3921 ab
395 3859 552 3935 indignis,
575 3859 805 3938 episcoporum
825 3862 937 3924 101101
963 3879 1036 3924 ma·
1090 3861 1218 3923 lixaudi
1229 3859 1371 3923 Christe.
1385 3860 1506 3922 Schola
1518 3863 1597 3922 tunc
1609 3875 1684 3922 cum
1696 3857 1840 3920 notariis
1856 3859 1888 3918 in

238 3957 337 4020 nibus
347 3957 448 4036 capiti
469 3958 526 4021 tuo
541 3957 733 4035 imponitur.
751 3959 844 4022 Unde
856 3959 949 4023 velut
963 3961 1035 4023 haec
1089 3960 1193 4023 choro
1221 3959 1455 4038 respondent:
1478 3959 1618 4021 Domino
1642 3958 1755 4020 nostro
1784 3957 1840 4018 ·N·
1869 3972 1889 4016 a

161 4069 167 4080 ·
238 4056 387 4118 exterius
403 4071 485 4118 auro
498 4057 550 4119 est
560 4057 593 4119 et
602 4056 741 4132 gemmis
758 4057 923 4130 redimita,
940 4059 987 4122 ita
999 4059 1036 4121 tu
1089 4061 1157 4122 Deo
1181 4057 1313 4121 decreto
1331 4060 1466 4120 Summo
1486 4056 1639 4120 Pontifici
1659 4057 1691 4119 01
1704 4054 1889 4118 universali

239 4154 380 4218 interius
396 4170 479 4220 auro
499 4155 683 4232 sapientia,
702 4154 927 4236 virtutumque
942 4173 1037 4235 gem·
1090 4160 1189 4234 Papae
1212 4155 1292 4218 vita.
1318 4154 1520 4218 01100101.
1539 4154 1662 4216 Iterum
1680 4152 1760 4215 dicit
1780 4151 1890 4214 archi·

239 4254 303 4316 mis
325 4253 476 4316 decorari
493 4255 688 4330 contendam
708 4255 871 4333 quatenus
885 4257 958 4334 post
974 4273 1035 4319 oc·
1090 4256 1250 4318 diaconus
1274 4271 1349 4316 eum
1372 4251 1584 4316 cantantibus
1603 4251 1702 4313 simul
1725 4268 1733 4312 :
1758 4249 1888 4312 Exaudi

240 4353 408 4415 oasionem
441 4351 542 4430 hujus
574 4351 689 4416 saeculi
715 4368 790 4415 cum
819 4354 1035 4431 prudentibus
1090 4355 1231 4417 Christe.
1249 4354 1288 4416 Et
1302 4352 1416 4416 schola
1431 4367 1507 4413 cum
1527 4350 1666 4412 notariis
1685 4349 1887 4427 respondet:

239 4451 426 4528 virginibus
450 4467 571 4528 sponso
595 4451 732 4527 perenni
755 4451 894 4514 Domino
922 4453 1035 4514 nostro
1091 4452 1230 4516 Domino
1255 4452 1369 4514 nostro
1392 4465 1412 4513 a
1439 4452 1507 4512 Deo
1531 4451 1689 4512 coronato
1712 4464 1833 4524 magno
1857 4448 1889 4509 01

239 4551 319 4610 lesu
334 4549 464 4611 Christo
478 4548 576 4626 digne
591 4549 623 4610 et
640 4548 852 4612 laudabiliter
865 4565 1034 4622 occurras,
1091 4551 1229 4628 paciilco
1245 4549 1440 4626 Imperatori
1457 4549 1526 4611 vita
1547 4549 1580 4610 et
1598 4546 1750 4608 victoria.
1769 4546 1888 4608 Tribus

235 4648 440 4724 januamque
462 4647 605 4722 coelestis
627 4647 722 4724 regni
743 4663 820 4710 cum
847 4647 962 4710 eodem
977 4647 1036 4709 in·
1091 4646 1377 4712 vicibuszlixaudi
1387 4646 1528 4709 Christe.
1543 4645 1691 4707 Domina
1701 4645 1825 4707 nostrae
1835 4645 1886 4706 ·N.

240 4744 333 4818 gredi
353 4745 525 4813 merearis,
542 4745 686 4821 quicum
702 4749 769 4808 Deo
796 4746 895 4809 Patre
909 4748 941 4809 et
957 4746 1037 4824 Spi·
1091 4749 1164 4826 ejus
1192 4743 1326 4823 conjugi
1358 4743 1649 4806 excellentissimae
1682 4741 1887 4820 Imperatrici

240 4841 813 4918 11100000101111101101110111010
830 4861 890 4924 per
906 4844 1037 4908 infinita
1091 4845 1171 4910 vita.
1195 4842 1314 4905 Tribus
1335 4839 1465 4904 vicibus
1487 4841 1584 4916 item,
1611 4841 1733 4904 exaudi
1758 4840 1888 4903 Christe

241 4938 364 5002 saecula
379 4938 587 5001 saeculorum.
606 4941 754 5002 Amen.»
1091 4941 1320 5020 respondetur.
1342 4939 1511 5002 Exercitui
1532 4944 1756 5004 Romanorum
1774 4939 1886 5002 teuto-

281 5040 349 5100 Htc
362 5037 418 5099 det
430 5039 588 5098 dominos
600 5041 699 5111 Papa
710 5039 885 5113 sceptrum
898 5043 1038 5116 imperit
1092 5040 1167 5104 nico
1186 5038 1255 5101 vita
1275 5039 1307 5100 et
1330 5037 1481 5100 victoria.
1501 5037 1620 5100 Tribus
1645 5037 1773 5100 vicibus
1797 5037 1885 5099 item.

242 5137 275 5201 01
294 5136 384 5200 dicat
404 5157 411 5197 :
432 5134 583 5213 «Accipe
607 5133 773 5212 sceptrum
797 5137 898 5214 regiae
922 5140 1037 5216 potes·
1093 5137 1246 5202 Salvator
1262 5135 1387 5198 muudi.
1405 5136 1634 5215 Respondetur
1649 5156 1657 5198 ε
1673 5136 1709 5199 tu
1730 5135 1807 5198 illos
1824 5136 1887 5198 ad-

279 5358 320 5434 (1)
341 5357 550 5430 L'importance
569 5355 620 5416 (100
647 5357 789 5416 fonctions
807 5357 845 5416 du
870 5359 944 5432 iuge
966 5357 1039 5419 dans
1092 5358 1146 5418 001.
1163 5357 1295 5430 8111001.
1313 5357 1384 5417 sto:
1402 5359 1489 5432 «ligo
1503 5357 1649 5417 lohannes
1662 5359 1775 5427 Leonis,
1789 5373 1885 5416 saero-

244 5433 334 5490 ltome
353 5437 382 5487 01
398 5444 430 5488 00
447 5427 532 5488 haute
549 5430 700 5498 situation,
717 5427 732 5486 1
750 5436 825 5488 cette
839 5428 960 5502 speque,
974 5440 1040 5490 0001
1093 5439 1199 5490 sancta
1219 5435 1355 5488 iternana
1371 5430 1508 5488 Ecclesia
1522 5431 1696 5498 scriniarius,
1714 5429 1824 5488 babens
1837 5447 1885 5502 po·

244 5500 393 5574 indiqudes
412 5516 463 5576 par
477 5501 528 5558 des
543 5500 953 5573 1100001οι11000010010010100
967 5502 1039 5562 dans
1093 5510 1224 5561 testatem
1238 5501 1325 5559 dandi
1338 5509 1446 5560 tutores
1458 5510 1486 5559 01
1504 5509 1659 5570 curatores,
1675 5502 1885 5574 errraneipandi,

243 5573 405 5647 lesquelsla
418 5573 563 5644 signatura
580 5572 617 5628 du
630 5571 701 5645 juge
713 5579 757 5628 est
776 5573 989 5646 aeoernpagaee
1002 5575 1038 5633 de
1093 5573 1240 5632 decretum
1269 5571 1478 5646 interponendi,
1499 5579 1527 5630 et
1542 5574 1677 5632 alimenta
1703 5571 1885 5641 dccerrreudi,

243 5644 460 5703 l’enumtration
473 5644 508 5701 de
521 5659 567 5700 ses
580 5643 731 5708 1000110110,
744 5642 817 5700 ainsi
832 5643 917 5715 qu’ou
933 5654 998 5718 peut
1012 5647 1039 5704 le
1093 5645 1233 5719 conrpievi
1253 5649 1281 5702 01
1299 5645 1417 5702 01100111.

243 5718 315 5788 1011,
332 5733 384 5791 par
404 5714 879 5791 01010010110001101010111111110.
894 5716 957 5774 ital.
967 5725 987 5776 t.
1002 5719 1037 5787 V,
