3984 6292
97 361 162 422 589
720 358 919 420 Guneonll
940 359 1000 419 vll
1021 359 1129 419 VITA.
1692 358 1751 418 590

101 535 164 598 pro
183 513 449 587 cereislanceas,
465 532 525 594 pro
544 515 683 580 coetibus
704 514 900 578 clericorum
954 531 1019 594 gna
1040 517 1199 580 instantia
1224 519 1465 591 exoraverunt,
1488 517 1524 579 ut
1545 515 1661 594 patriae
1678 519 1749 595 jum

102 617 261 679 armatos.
274 617 320 679 Ut
334 615 444 677 autem
468 615 503 676 iu
528 614 642 692 paucis
666 613 809 692 plurima
824 629 902 692 per·
955 613 1024 677 fere
1047 615 1184 693 perditae
1210 617 1436 688 miseraretur,
1453 615 1486 678 et
1513 615 1650 693 paterna
1678 614 1751 676 ele-

101 715 320 792 stringamus,
343 714 417 790 post
441 729 597 789 agrorum
622 712 842 774 uastationem
869 716 902 776 et
956 715 1077 776 mentia
1094 714 1294 776 condoleret.
1309 715 1462 778 Pontifex
1477 714 1599 792 arrteng
1615 712 1670 790 qui
1691 729 1750 790 pro

103 813 227 876 multas
253 813 361 875 cedes
385 828 521 874 suornm
543 810 678 884 civium,
698 811 772 888 post
789 811 901 873 varias
954 811 1082 888 iustitia
1104 813 1136 874 et
1158 811 1384 875 ecclesiastica
1400 811 1552 874 libertate
1571 811 1704 884 tuenda,
1722 809 1750 871 si

103 912 218 974 clades
242 911 340 990 atque
363 911 529 984 miserias,
549 926 631 988 quas
653 910 801 987 perpessi
825 911 902 972 sunt
955 908 1164 971 rationabilis
1186 925 1286 972 carisa
1309 910 1468 986 exigeret,
1487 911 1624 985 mortem
1640 908 1752 970 subire

103 1001 259 1084 Romani,
279 1009 358 1088 quia
379 1009 627 1087 pseudopapam
650 1008 799 1085 recipere
816 1023 900 1070 con·
956 1007 1186 1083 paratissimus
1205 1008 1381 1082 existebat,
1398 1009 1590 1070 constanter
1609 1007 1642 1068 in
1662 1007 1751 1069 bunc

102 1109 326 1187 tempserunt3
342 1123 415 1180 rex,
429 1108 589 1185 concepta
604 1121 662 1184 spe
676 1119 715 1167 ao
736 1104 901 1168 desiderio
955 1105 1088 1167 modum
1103 1106 1274 1184 respondit
1288 1128 1296 1168 r
1313 1109 1380 1182 ligo
1392 1106 1556 1168 versutias
1569 1107 1602 1168 et
1614 1105 1751 1166 callidi-

103 1223 168 1270 suo
183 1205 368 1279 fraudatus,
383 1206 416 1268 et
437 1205 471 1267 in
494 1221 554 1266 sua
575 1203 805 1266 erubescentia
820 1220 903 1266 con·
955 1203 1040 1266 tates
1054 1203 1143 1281 regis
1156 1204 1346 1283 frequenter
1359 1205 1515 1282 expertus
1528 1221 1617 1279 sum;
1635 1204 1703 1276 sed,
1721 1202 1751 1264 si

102 1303 211 1378 fusus,
227 1304 263 1366 in
273 1303 504 1367 lombardiam
512 1320 587 1365 eum
598 1319 658 1364 suo
669 1301 757 1364 idolo
766 1318 901 1364 remea·
955 1301 1026 1364 vult
1040 1301 1075 1363 in
1088 1302 1130 1363 iis
1146 1303 1180 1363 in
1197 1302 1316 1381 quibus
1329 1302 1503 1364 manifeste
1517 1301 1667 1380 peccavit
1683 1305 1751 1362 Deo

100 1403 165 1476 uit,
181 1405 215 1466 st
234 1403 388 1466 dominus
404 1402 582 1480 Gregorius
598 1403 688 1479 Papa
710 1401 745 1463 iu
761 1403 903 1479 Aposto-
955 1400 988 1462 et
1002 1399 1159 1462 Ecclesiae
1175 1399 1379 1473 satisfacere,
1391 1401 1499 1478 ipsum
1523 1398 1664 1461 libenter
1687 1397 1750 1460 ab·

101 1500 172 1562 lica
187 1500 271 1563 Sede
282 1501 443 1563 remansit
453 1499 647 1578 intrepidus.
956 1499 1093 1570 solvam,
1118 1500 1152 1561 et
1174 1499 1380 1577 imperialem
1406 1497 1471 1559 sibi
1494 1513 1650 1560 coronam
1677 1513 1752 1558 cum

144 1601 195 1661 13.
218 1603 312 1662 Auno
335 1614 466 1678 quoque
486 1598 643 1668 secundo,
666 1613 726 1676 per
745 1597 900 1676 Spoleta-
955 1595 1185 1659 benedictione
1198 1598 1384 1675 imponam3
1399 1596 1547 1674 alioquin
1560 1611 1621 1658 nec
1636 1594 1749 1667 debeo,

101 1711 184 1758 num
212 1697 367 1759 ducatum
394 1697 435 1758 ad
465 1696 586 1760 Urbem
611 1696 732 1758 iterum
756 1694 852 1768 redit,
869 1696 902 1758 et
956 1709 1018 1756 nec
1028 1709 1161 1772 possum
1173 1710 1233 1757 vos
1245 1694 1280 1757 in
1293 1694 1356 1756 bac
1368 1695 1463 1772 parte
1477 1694 1642 1756 ullatenus
1651 1709 1752 1766 exau-

98 1795 294 1872 portatum
323 1794 611 1873 quadragesimale
640 1793 770 1872 tempus
794 1793 900 1872 ipsam
955 1793 1039 1855 dire.

98 1895 243 1956 Romam
262 1909 335 1954 cum
351 1893 455 1954 multa
477 1893 660 1956 hostilitate
674 1891 812 1954 obsedit.
829 1892 900 1954 lld-
996 1894 1045 1953 11.
1069 1889 1160 1965 Quod
1187 1889 1323 1954 verbum
1348 1907 1422 1953 cum
1449 1906 1511 1952 rex
1542 1889 1752 1952 remordente

97 1990 259 2052 veniente
270 2006 350 2052 raro
362 1992 510 2068 tempore
523 1989 690 2064 Paschali,
700 1991 736 2052 ut
750 1991 901 2052 aestivum
956 1989 1160 2052 conscientia
1188 1987 1367 2066 denegaret
1394 1989 1524 2058 facere,
1552 1990 1585 2052 et
1610 1987 1751 2066 populus

98 2103 223 2150 cauma
237 2087 285 2168 (l)
297 2088 429 2161 ritaret,
444 2087 600 2166 dispersit
611 2102 671 2167 per
683 2087 902 2166 circumposi-
956 2088 1108 2151 Pontifici
1122 2087 1304 2166 perplures
1325 2087 1396 2149 dies
1417 2087 1631 2149 vehementer
1646 2087 1752 2148 insta-

97 2187 153 2249 tas
167 2186 319 2249 civitates
331 2187 525 2259 exercitum,
542 2187 575 2249 et
596 2187 668 2264 ipse
688 2186 723 2247 in
736 2186 899 2248 Lombar-
955 2186 1423 2266 ret,utabsqnesatisfactione
1434 2201 1546 2262 regem
1557 2183 1749 2261 susciperet,

97 2283 193 2346 diam
205 2301 279 2347 cum
292 2285 408 2363 paucis
420 2285 542 2347 reverti
555 2284 695 2360 studuit;
707 2283 900 2347 (lutbertum
954 2286 988 2350 et
1006 2285 1160 2348 Pontifex
1183 2283 1224 2346 ad
1239 2299 1353 2346 eorum
1374 2299 1481 2347 caecas
1491 2299 1606 2361 preces
1619 2281 1753 2344 omnino

97 2397 184 2444 xero
209 2383 295 2460 apud
324 2383 497 2445 Tiburtum
522 2381 658 2455 dimisit,
679 2382 713 2444 et
737 2381 900 2444 exercitui
955 2383 1164 2462 permaneret
1184 2381 1374 2454 immobilis,
1392 2399 1453 2443 rex
1473 2380 1632 2458 paulatim
1652 2380 1752 2458 coepit

98 2496 163 2542 suo
176 2480 336 2558 praefecit,
353 2480 421 2558 qui,
439 2481 620 2558 postposito
634 2479 831 2554 sacerdotio,
842 2497 901 2558 per
955 2481 1147 2561 popularem
1162 2479 1309 2542 favorem
1328 2479 1467 2556 pecunia
1487 2480 1668 2540 et·terrore
1688 2477 1751 2539 sibi

97 2575 348 2640 incumbentem
363 2579 510 2640 aestatem
523 2593 622 2655 agros
635 2580 669 2640 et
685 2579 813 2655 segetes
828 2581 899 2641 Ro·
954 2579 1138 2658 acquirere.
1157 2577 1248 2650 Quod
1264 2579 1300 2639 ut
1312 2575 1467 2640 Pontifex
1481 2577 1654 2638 manifeste
1668 2593 1749 2652 cog-

96 2691 277 2738 manorum
303 2677 463 2750 vastavit,
484 2677 517 2739 et
539 2677 608 2738 alia
626 2677 714 2737 mala
742 2677 900 2755 tanquam
955 2678 1057 2750 novit,
1067 2677 1108 2738 de
1121 2675 1306 2739 constantia
1317 2675 1576 2754 populiprorsus
1587 2674 1749 2748 diffidens,

97 2773 157 2835 vir
180 2774 380 2851 sanguinum
401 2774 525 2836 eisdem
550 2774 709 2836 Romanis
735 2774 901 2837 hostiliter
954 2773 1301 2838 incastroCrescentii
1315 2790 1436 2834 secum
1449 2771 1607 2835 fratribus
1620 2773 1751 2834 suisre·

98 2871 227 2934 intulit.
251 2873 318 2944 Sic,
337 2872 436 2935 tertio
456 2888 586 2952 quoque
608 2887 708 2945 anno,
729 2872 816 2934 idem
839 2888 901 2934 rex
955 2873 1052 2952 oepit.
1061 2877 1134 2936 Rex
1145 2873 1268 2950 itaque,
1283 2871 1438 2950 quoniam
1452 2870 1608 2949 populum
1624 2873 1751 2933 Itoma-

98 2970 145 3031 ad
170 2969 385 3032 obsidendam
407 2973 546 3033 Romam
571 2985 725 3031 reversus
749 2971 821 3032 est:
842 2971 900 3032 sed
955 2988 1033 3034 num
1044 2971 1086 3032 ad
1097 2971 1298 3033 voluntatem
1310 2986 1403 3030 suam
1413 2969 1637 3031 indubitanter
1646 2970 1752 3032 attra-

97 3068 183 3146 quia
207 3068 351 3146 seipsum
375 3069 697 3130 excommunicatum
721 3083 741 3129 a
764 3069 902 3130 Clunia·
950 3069 1261 3142 ·xerat,Gnibertunr
1275 3066 1750 3144 inSedeflpostolicaviolen-

97 3166 196 3227 censi
212 3163 330 3228 abbate
342 3163 392 3246 (o)
406 3168 505 3244 atque
523 3167 601 3228 aliis
615 3167 783 3242 religiosis
797 3169 901 3228 Deum
955 3171 1006 3230 ter
1031 3168 1175 3230 intrusit.
1192 3167 1256 3228 Sed
1285 3183 1359 3227 curn
1374 3167 1415 3227 de
1437 3169 1585 3228 Romana
1609 3165 1751 3227 ecclesia

96 3263 297 3326 timentibus
321 3279 381 3342 pro
409 3266 500 3326 certo
525 3263 641 3326 baberi
669 3264 837 3340 cognovit,
866 3265 901 3327 ut
956 3267 1084 3328 nullum
1112 3265 1302 3344 episcopum
1326 3265 1378 3326 vel
1411 3263 1615 3326 cardinalem
1640 3264 1753 3342 posset

98 3376 222 3425 eorum
247 3362 492 3441 simplicitatem
516 3362 636 3424 melius
659 3363 901 3424 circumvenire
956 3365 1089 3436 babere,
1114 3363 1360 3435 aBouoniensi,
1382 3365 1415 3425 ot
1437 3362 1628 3434 Mutinensi,
1652 3362 1751 3440 atque

99 3460 227 3539 posset,
246 3460 287 3521 ad
307 3459 427 3522 callida
449 3476 485 3522 se
506 3461 703 3536 argumenta
726 3461 900 3523 convertit.
956 3462 1126 3526 cerviensi
1151 3460 1197 3541 (b)
1234 3461 1524 3539 pseudoepiscopis
1552 3460 1630 3522 fecit
1658 3477 1749 3532 eum,

99 3559 186 3621 Post
198 3559 384 3635 captionem
397 3559 509 3636 itaque
525 3557 686 3620 Ostiensis
708 3557 855 3636 episcopi
870 3560 903 3620 et
956 3560 1137 3622 secundum
1153 3558 1424 3620 consuetudinem
1432 3561 1654 3620 Romanorum
1663 3560 1752 3621 Pon·

98 3657 248 3719 aliorum
261 3657 450 3728 multorum,
465 3671 548 3733 quos
560 3655 719 3734 praecepit
735 3655 902 3718 absolutos
955 3658 1093 3731 titicum,
1110 3656 1342 3720 execrabiliter
1366 3655 1539 3718 benedici:
1556 3659 1590 3718 et
1609 3657 1644 3717 in
1669 3655 1752 3717 festo

99 3753 238 3823 dimitti,
249 3754 558 3816 universisllomam
571 3753 901 3816 visitarexolentibus
957 3755 1130 3820 Pasclratis
1147 3755 1188 3817 ab
1203 3756 1316 3818 eodem
1331 3754 1487 3818 Guibertt
1509 3755 1641 3832 imperii
1655 3770 1754 3815 coro-

99 3853 236 3914 firmam
251 3851 463 3914 securitatem
485 3850 585 3924 dedit,
602 3867 700 3929 quam
711 3855 902 3929 juramento
956 3872 1034 3918 nam
1046 3854 1255 3932 impudenter
1275 3853 1456 3930 assumpsit
1472 3875 1479 3913 ι
1494 3854 1568 3930 post
1586 3853 1752 3915 modicum

98 3949 238 4029 publice
252 3949 476 4023 confirmavit;
492 3949 526 4011 et
544 3950 581 4011 ut
594 3949 788 4027 popularem
803 3950 901 4012 laro—
956 3969 1036 4016 vero
1062 3953 1103 4014 ad
1132 3952 1337 4014 obsidionem
1363 3953 1469 4012 Casiri
1495 3949 1540 4031 (c)
1569 3950 1753 4013 Crescentii

99 4063 176 4110 rem
199 4047 333 4109 omnino
356 4047 616 4124 consequeretur
638 4049 672 4108 et
693 4047 847 4124 gratiam,
867 4049 902 4109 in
958 4050 1131 4112 universos
1146 4051 1314 4111 Romanos
1329 4049 1497 4110 conduxit.
1515 4049 1670 4110 Pontifex
1689 4065 1753 4110 arr-

99 4144 238 4224 publico
253 4145 339 4206 dixit
351 4144 470 4222 quoda
488 4143 621 4206 domino
635 4144 796 4220 Gregorio
812 4147 903 4222 Papa
956 4149 1034 4220 tem,
1049 4148 1135 4209 sicut
1151 4148 1204 4208 vir
1228 4148 1344 4208 cautus
1365 4148 1399 4208 et
1419 4146 1587 4222 providus,
1600 4149 1671 4224 jam
1696 4145 1753 4206 din
1810 4172 1816 4182 ·

100 4242 292 4321 imperialis
313 4257 445 4303 coronae
471 4240 664 4318 dignitatem
685 4241 786 4303 vellet
809 4242 902 4303 acci·
958 4245 1137 4309 liebertum
1151 4243 1337 4316 Guiscardi,
1358 4243 1528 4320 egregium
1544 4245 1756 4306 Normanno·

100 4356 196 4420 pere.
227 4339 336 4414 Quod,
351 4339 524 4418 postquam
557 4339 697 4416 populus
734 4342 903 4402 Romanus
957 4341 1754 4428 rumducem,sollicitarestrulueratutinmanu

101 4455 182 4501 curn
192 4438 359 4515 religiosis
368 4437 451 4498 viris
464 4436 601 4510 audivit,
617 4453 682 4499 non
694 4437 905 4500 mediocriter
958 4441 1070 4504 valida
1095 4442 1210 4502 contra
1236 4440 1364 4501 illatam
1388 4439 1451 4500 sibi
1480 4440 1694 4512 uiolentiam,
1723 4439 1756 4501 ei

101 4535 212 4600 laetati
227 4537 304 4598 sunt
318 4551 448 4610 omnes3
466 4535 499 4596 et
520 4535 560 4595 ad
573 4534 715 4612 vestigia
734 4535 904 4598 Pontificis
959 4541 1110 4619 potenter
1131 4541 1355 4612 succurreret;
1370 4553 1466 4615 qnam
1482 4539 1523 4600 ad
1545 4538 1650 4616 ipsius
1672 4537 1757 4600 libe-

102 4633 368 4712 lacrymabiliter
380 4633 586 4705 accedentes,
601 4633 710 4710 ipsum
733 4649 807 4696 cum
828 4650 904 4696 ma·
959 4639 1123 4701 rationem
1150 4637 1394 4698 cummaxime
1425 4635 1574 4698 exercitu
1603 4637 1757 4699 celeriter

141 4863 185 4939 (1)
205 4867 304 4928 καῦμα,
313 4861 424 4938 grande
438 4861 566 4920 chalaur.
961 4865 1053 4925 riensi
1070 4865 1251 4923 tarvisinum
1265 4863 1419 4930 substituit,
1437 4865 1483 4938 qui
1499 4873 1596 4938 posset
1610 4865 1698 4923 fuisse
1708 4867 1760 4922 dc-

143 4940 188 5012 (u)
208 4938 235 4994 S.
250 4937 331 5006 liupo
342 4934 538 4994 Cluatiocrnsts
550 4932 597 4990 bic
613 4932 673 5002 fuit,
691 4933 772 5008 cujus
782 4936 905 5012 gratim
961 4939 1078 5005 catinam,
1090 4951 1167 4994 anno
1178 4937 1258 5004 1081,
1268 4935 1403 4994 Ecclesiae
1418 4937 1464 4993 isti
1476 4936 1632 5008 praesidens
1646 4954 1652 4994 :
1668 4936 1703 4993 ab
1715 4936 1759 4994 bis

104 5025 194 5083 quam
209 5006 384 5090 supplicibus
396 5005 497 5064 litteris
511 5004 661 5062 ambivarit
670 5006 803 5064 simulate
814 5007 904 5079 poeni·
962 5017 1057 5067 autam
1073 5009 1286 5065 execrationem
1298 5023 1379 5065 suam
1398 5008 1490 5080 potius
1507 5023 1593 5080 quam
1605 5021 1756 5065 consecro·

105 5082 335 5146 teusllenrreus,
348 5077 472 5160 maxime
484 5091 550 5133 cum
565 5091 609 5133 eoe
631 5075 652 5133 il
672 5076 761 5134 fllium
781 5077 834 5134 sibi
854 5093 905 5151 op·
964 5081 1069 5138 tionem
1085 5079 1194 5152 accepit
1209 5078 1369 5145 Guibortns,
1388 5079 1414 5135 in
1431 5079 1579 5136 bonriniou
1597 5080 1760 5137 Palmarnm

105 5153 232 5228 positum
247 5149 380 5222 experiri,
396 5146 564 5216 ostenditur,
578 5145 595 5274 q
609 5091 636 5215 ἓ,
648 5155 715 5204 aute
733 5149 761 5206 S.
778 5150 908 5232 lingonis
963 5165 1039 5209 auno
1052 5151 1131 5218 1081,
1149 5150 1278 5222 adeoque
1293 5151 1327 5208 tl
1341 5150 1432 5207 llortii
1449 5167 1456 5206 :
1474 5165 1540 5207 num
1552 5150 1662 5208 Pascite
1683 5151 1759 5208 cele·

105 5227 192 5292 Acta,
208 5221 243 5280 sa
257 5221 372 5292 Aprilis.
386 5221 454 5276 llrat
465 5225 561 5276 autem
577 5218 624 5275 rle
639 5223 707 5276 tnnc
726 5221 754 5276 in
770 5222 850 5278 ltulra
863 5222 906 5278 vi-
963 5225 1074 5281 brstum
1085 5221 1136 5280 fuit
1146 5223 1180 5280 31
1193 5221 1332 5292 eiusdem.

106 5296 204 5366 sitque
226 5293 397 5351 meldense
417 5289 635 5358 monasterium,
652 5289 692 5348 uti
712 5288 749 5348 ad
765 5305 812 5349 an.
827 5293 908 5363 1083,
999 5294 1038 5368 (c)
1057 5293 1143 5352 Mater
1157 5293 1283 5350 Adriani
1304 5292 1470 5364 antiquitus,
1484 5289 1588 5348 deinde
1611 5295 1638 5350 S.
1657 5292 1760 5364 drrqur

106 5379 190 5425 num.
208 5363 252 5432 lt,
266 5361 405 5421 Batonius
419 5361 512 5418 docet.
963 5365 1016 5422 sub
1030 5364 1169 5436 Gregorio
1184 5363 1380 5436 idiotaeque,
1396 5362 1571 5434 adjectisque
1585 5371 1683 5436 postea
1696 5379 1759 5420 rnu-

145 5435 186 5522 (b)
206 5437 296 5495 lirant
312 5433 342 5490 lri
353 5433 513 5504 sigefridus
530 5431 731 5502 Bononiensis,
744 5432 909 5490 ileribrrtua
965 5434 1119 5494 ultionibus
1131 5439 1274 5500 restrum
1287 5442 1316 5490 et
1331 5449 1407 5490 anno
1421 5434 1483 5500 985,
1499 5433 1534 5490 ab
1546 5447 1582 5490 oo
1597 5435 1643 5506 qui
1661 5442 1762 5516 postea

107 5503 603 5578 Mutinensis:drrcieaairnomeui
625 5511 750 5571 noratur,
759 5503 910 5562 deficiente
965 5509 1057 5580 ipsum
1074 5505 1156 5562 novis
1170 5505 1304 5577 operibus
1316 5505 1514 5574 communivit,
1527 5506 1684 5562 crescentio
1704 5507 1763 5564 Nu·

107 5579 209 5654 episco
250 5590 312 5634 rum
334 5574 408 5632 serie
423 5572 470 5658 ,ιβ
492 5517 671 5658 annol‘ltttt,
687 5574 802 5647 quando
823 5575 910 5633 scitur
964 5583 1216 5646 nuntanomomen
1228 5575 1276 5634 diu
1288 5577 1428 5658 resultet
1438 5581 1596 5658 utupporet
1610 5576 1696 5633 etiam
1710 5576 1766 5635 hac

107 5665 197 5725 quem
219 5662 266 5706 am
281 5647 391 5704 Bonum
404 5643 533 5715 vixisse(
554 5659 583 5702 ιιι
601 5643 671 5702 forte
687 5660 777 5718 usquc
792 5644 848 5703 buc
860 5662 908 5704 su·
964 5657 1048 5707 aetate
1078 5645 1202 5704 tenebat.
1226 5647 1264 5706 Os
1285 5662 1417 5722 argensis
1443 5651 1571 5704 nonnuat
1588 5666 1599 5696 r
1617 5647 1765 5706 castollum

108 5718 230 5796 perluit)
244 5716 281 5778 ad
303 5731 410 5776 anuum
426 5715 505 5776 1101.
519 5660 643 5777 blondus
661 5725 756 5776 autem
772 5732 823 5790 pro
842 5717 908 5778 Cer·
965 5717 1249 5792 Crescanrit,quodv
1280 5733 1319 5793 go
1333 5718 1436 5778 domus
1446 5716 1615 5776 l'lreodorici
1627 5715 1763 5780 dicitur.»
