4122 6304
293 362 354 410 nx
1027 334 1215 412 Pnssncs

1898 376 1951 424 u

291 509 399 578 notius,
417 506 586 582 parcequ’ils
606 505 733 566 oublient
750 521 800 566 ces
819 505 1042 582 gbmisaements
1056 506 1091 566 de
1146 517 1190 570 est
1203 509 1396 584 spiritualibus
1410 511 1599 574 intenderent.
1624 514 1692 574 bien
1704 516 1783 576 enim
1797 516 1949 591 significat

293 595 421 680 l'liglise,
440 621 477 664 au
496 606 592 664 milieu
611 605 744 679 desquels
768 606 795 664 le
816 605 883 664 bien
902 605 1090 678 s'aoeomplit,
1146 610 1312 682 spiritualia.
1326 611 1490 670 suntetiam
1502 613 1585 686 signa
1599 612 1715 684 inluns,
1729 615 1758 674 id
1770 616 1948 690 estinprin·

294 703 596 778 auiourd’huioomme
610 703 683 762 dans
696 711 761 762 tons
776 704 818 762 les
833 711 937 776 temps.
1145 707 1256 780 cipibus
1275 707 1388 778 mundi,
1404 709 1452 782 qui
1470 718 1594 783 presunt
1613 713 1703 782 uncti,
1720 712 1749 770 id
1770 720 1816 771 est
1828 721 1944 788 tempo-

326 802 371 861 bl.
388 804 444 860 Les
461 801 687 861 consideratione
706 801 742 859 de
757 803 783 859 la
800 801 981 876 philosophie
1001 798 1087 860 chre·
1145 805 1261 866 ralibus.
1277 808 1427 866 Nouenim
1438 808 1582 882 signidem
1593 812 1773 883 temporalis.
1789 811 1844 870 Sed
1857 812 1947 870 hodie

293 901 390 958 tienne
404 907 434 958 et
449 901 588 973 malique,
606 899 670 958 telle
685 914 741 972 que
760 900 802 957 les
813 902 1044 973 contemporuins
1064 901 1090 960 ln
1146 904 1189 962 sol
1207 905 1381 963 convertitur
1399 906 1428 962 in
1447 907 1574 966 imbres
1594 915 1624 964 et
1635 908 1701 966 lnnn
1717 909 1747 966 in
1763 911 1944 981 conquirere,

292 997 515 1071 comprensient,
527 997 655 1070 tnujnurs
670 995 826 1069 procedant
843 997 1046 1072 pardivisions
1061 1007 1090 1060 et
1146 1003 1212 1076 qula
1223 1005 1331 1077 prelati
1346 1005 1481 1062 Ecclesim
1495 1003 1609 1064 student
1618 1007 1751 1077 terrenis,
1758 1015 1786 1065 et
1797 1009 1946 1082 principes

293 1091 515 1166 enumeratione,
532 1109 568 1153 ne
583 1101 650 1154 sont
662 1109 714 1169 pes
729 1093 897 1170 etrnngbres
907 1093 923 1154 “a
934 1098 1089 1156 Honorius.
1146 1103 1243 1162 seculi
1256 1101 1408 1162 intendunt
1422 1104 1540 1178 rapinis.
1552 1105 1622 1164 Sunt
1636 1107 1722 1164 ctiam
1737 1106 1823 1180 signa
1839 1107 1867 1164 in
1877 1107 1947 1166 atel-

294 1214 305 1244 a
327 1194 453 1263 Quatuor
464 1193 542 1250 enim
556 1200 624 1252 sunt
637 1207 732 1251 oense
745 1195 835 1253 nostri
845 1193 961 1254 doloris.
977 1195 1092 1254 Flemus
1146 1199 1190 1270 lis,
1209 1215 1272 1273 quae
1288 1200 1372 1260 hodie
1382 1201 1489 1261 cadunt
1500 1202 1537 1260 de
1547 1201 1631 1274 coelo,
1644 1204 1711 1278 quis
1728 1204 1946 1278 contemplativi

292 1299 408 1364 propter
428 1292 558 1350 miserias
585 1290 670 1364 hnjtrs
695 1291 808 1364 seculi,
834 1298 949 1366 propter
974 1301 1090 1367 peccate
1146 1298 1231 1356 hodic
1253 1314 1353 1357 casum
1375 1301 1530 1372 patiuntur,
1549 1300 1618 1360 dum
1635 1309 1741 1362 exeunt
1754 1300 1790 1360 de
1810 1309 1943 1362 contem·

291 1396 399 1458 nnstra,
426 1396 542 1462 propter
564 1391 795 1464 compassionem
817 1390 949 1464 proximi,
975 1399 1092 1466 propter

291 1483 457 1544 dilationem
476 1488 645 1560 proemii...»
666 1487 706 1546 Le
718 1502 786 1546 sens
801 1488 893 1546 moral
909 1502 947 1547 ou
965 1488 1089 1562 tropolo-

291 1583 409 1656 logique
432 1583 483 1642 des
509 1592 600 1644 testes
625 1584 693 1659 qu’il
713 1593 876 1644 commente
898 1585 938 1644 lui
961 1585 1091 1660 eohappe

291 1679 358 1738 bien
373 1682 467 1740 molus
481 1697 596 1753 encore,
609 1690 637 1740 et
651 1683 690 1741 lul
704 1683 811 1757 inspire
830 1682 903 1742 dans
921 1699 955 1742 ce
968 1685 1092 1757 premier

293 1791 407 1838 sermon
425 1778 461 1838 de
484 1778 596 1840 l'Avent
616 1795 655 1840 un
681 1782 809 1856 longage
827 1783 905 1856 plein
932 1781 1088 1856 d’e'nergie.

293 1895 304 1930 r
326 1877 479 1936 Sciendum
493 1879 617 1952 estquis
635 1879 725 1937 tribus
745 1879 781 1938 de
805 1879 901 1938 causis
919 1881 1091 1954 contingunt

291 1975 388 2033 omnia
403 1976 507 2049 signa:
523 1975 656 2034 videlicet
675 1977 710 2034 ad
725 1977 980 2036 commonitionem
1002 1977 1090 2038 bono·

291 2086 365 2141 rum,
382 2072 418 2130 sd
433 2079 570 2130 terrorem
590 2075 740 2144 malorum,
757 2074 792 2133 ad
809 2075 1003 2134 ostensionem
1022 2075 1091 2136 divi·

292 2182 395 2228 norum
412 2168 596 2242 iudiciorum.
619 2173 645 2230 i.
664 2171 708 2230 Ad
725 2173 978 2232 commonitionem
999 2173 1088 2232 hono·

291 2281 366 2336 rum,
389 2269 454 2338 quia
468 2267 587 2340 quilibet
610 2268 694 2327 electi
716 2270 847 2330 videntes
861 2272 946 2346 signa
962 2279 990 2331 et
1014 2273 1090 2330 mnia

291 2361 497 2437 hujusmundi,
512 2365 618 2424 dehent
631 2381 816 2427 commouere
831 2385 863 2428 se
882 2370 959 2444 ipsos
973 2369 1008 2430 ad
1022 2385 1089 2430 con·

290 2467 430 2535 temptum
447 2463 544 2522 seculi
563 2472 591 2523 et
614 2479 741 2524 amorem
762 2468 824 2525 Dei.
851 2469 940 2542 signu
965 2482 1090 2541 nemque

291 2559 385 2632 plage
399 2567 428 2618 et
441 2562 532 2621 ruins
546 2563 632 2637 hujus
645 2564 742 2623 mnndi
759 2566 840 2638 qussi
855 2563 985 2639 quedam
1004 2581 1091 2625 voces

291 2660 605 2732 commonitoriorum,
622 2677 659 2720 ne
673 2663 795 2722 velimus
810 2663 954 2722 mundana
970 2664 1090 2739 diligere

290 2769 354 2828 quae
374 2756 506 2816 videmus
529 2767 606 2818 stare
632 2775 690 2819 nort
718 2775 813 2834 posse.
834 2762 861 2822 Ξ.
883 2761 928 2821 ild
950 2770 1089 2820 terrorem

289 2853 449 2914 malorum:
472 2863 502 2912 nt
520 2856 588 2913 meli
609 2855 739 2914 videntes
755 2859 840 2931 signa
856 2859 978 2916 timeant
997 2862 1089 2918 Deum

292 2957 408 3024 propter
428 2951 626 3010 imminentem
651 2953 864 3025 adversitatem,
885 2970 969 3028 quem
990 2957 1090 3014 nolunt

292 3045 392 3104 timere
418 3047 447 3104 in
469 3047 548 3121 pacis
573 3050 786 3123 tranquillitate,
813 3059 893 3112 etms
915 3051 1089 3111 L’antithdse

291 3149 336 3202 est
350 3143 386 3202 ici
401 3140 617 3204 veritsblement
632 3147 686 3205 iort
697 3147 781 3220 bella,
796 3158 824 3207 ct
834 3148 1089 3224 donnel'exemple

292 3238 359 3298 d'un
369 3239 444 3299 beau
455 3251 639 3302 mouvemcnt
650 3245 784 3305 oratnire.

326 3340 470 3398 Honorius
485 3339 600 3412 s'elbve,
613 3343 676 3417 plus
690 3344 759 3414 inin,
773 3343 789 3402 l
802 3345 828 3404 la
838 3345 958 3406 hnuteur
969 3347 1007 3406 du
1017 3347 1089 3422 style

290 3435 488 3512 prophetique.
516 3440 539 3499 ll
560 3441 667 3498 entend
685 3441 712 3500 le
733 3441 827 3502 fraces
851 3444 888 3504 du
910 3445 1015 3504 monde
1039 3447 1089 3518 qui

289 3533 438 3608 s'ecronle,
453 3538 542 3611 pareil
557 3554 593 3598 au
609 3539 686 3600 bruil
702 3539 754 3600 dcs
769 3541 867 3600 srhres
882 3559 938 3616 que
952 3543 979 3602 la
995 3542 1088 3604 hache

289 3630 327 3690 du
342 3632 488 3692 bucheron
500 3633 600 3708 ireppe
612 3637 686 3696 dens
701 3639 730 3696 le
742 3638 823 3699 ioret.
838 3663 849 3691 ι
864 3641 1000 3700 Pressura
1013 3657 1085 3715 gen·

291 3729 361 3788 tium
376 3730 506 3789 evitante
521 3732 597 3791 diem
609 3733 718 3807 judieii,
736 3735 870 3811 gentibus
884 3753 948 3796 sese
964 3740 1086 3799 invicem

291 3827 519 3886 occidentibus...
540 3831 610 3900 Quia
629 3833 772 3905 quomodo
790 3835 921 3908 impulse
935 3835 972 3894 ad
987 3851 1086 3896 casum

291 3923 407 3983 arbores
421 3925 547 3985 sonitum
559 3929 651 3987 solent
662 3931 844 4004 preminere,
858 3932 1008 3993 siemundi
1027 3943 1085 3994 ter·

291 4022 371 4080 mino
385 4025 596 4098 propinquante
614 4029 696 4100 quasi
713 4031 847 4102 paventis
867 4031 1007 4092 nutabunt
1027 4032 1085 4092 elo·

290 4127 396 4180 mollia.
413 4144 425 4173 r

323 4221 367 4280 35.
380 4223 419 4280 Le
433 4220 562 4284 discours
574 4227 734 4286 scterminc
745 4243 796 4301 par
806 4243 863 4288 une
874 4245 948 4304 page
956 4229 992 4288 de
1002 4230 1083 4289 theo·

288 4318 366 4392 logie
378 4319 578 4394 dogmatique:
595 4325 734 4398 «Triplex
751 4334 795 4384 est
809 4326 985 4401 redemptio:
1005 4328 1084 4387 vide·

1146 1396 1280 1470 piationis
1292 1404 1413 1456 secreto.
1429 1418 1442 1451 a

1185 1606 1287 1668 XVII.
1306 1586 1348 1651 ἓ-
1365 1608 1431 1668 Les
1450 1609 1615 1669 Semnones
1633 1623 1704 1681 xus,
1725 1623 1900 1682 xst‚xx1t,

1429 1721 1524 1778 xxtv,
1537 1721 1659 1768 xxviii.

1179 1873 1224 1932 et.
1234 1872 1257 1931 ll
1293 1886 1362 1945 pern
1373 1871 1430 1930 bon
1442 1872 1479 1930 de
1493 1872 1625 1932 s'arre'ter
1636 1887 1674 1932 un
1686 1887 1741 1948 peu
1755 1873 1944 1948 longuement

1146 1985 1182 2028 au
1191 1973 1314 2043 premier
1332 1969 1383 2028 des
1395 1985 1527 2030 sermons
1540 1969 1783 2042 deHonorinslll,
1790 1987 1861 2046 pour
1871 1969 1944 2030 laire

1145 2067 1333 2141 comprendre
1354 2069 1447 2141 quello
1467 2068 1629 2128 abundante
1649 2068 1777 2128 richessc
1798 2069 1944 2130 reniernte

1145 2165 1171 2224 ln
1185 2165 1336 2224 collection
1350 2165 1459 2224 cntidre
1474 2166 1510 2224 do
1523 2181 1572 2226 ces
1582 2168 1711 2226 discours
1724 2167 1859 2242 jusqu’ici
1878 2166 1941 2226 ine·

1145 2263 1210 2323 dits.
1234 2262 1352 2324 L'btude
1368 2273 1412 2324 est
1429 2272 1506 2324 toute
1527 2265 1677 2336 nouvelle;
1696 2280 1734 2323 ou
1756 2280 1828 2340 pour
1845 2266 1945 2324 micus

1144 2361 1216 2432 dire,
1232 2363 1287 2422 elle
1302 2371 1345 2422 cst
1360 2361 1376 2422 b
1390 2362 1461 2422 iaire
1476 2371 1504 2422 et
1516 2364 1562 2422 n’a
1577 2378 1629 2437 pas
1643 2362 1689 2422 did
1702 2362 1847 2422 elneuree.
1863 2365 1945 2422 Nous

1144 2459 1283 2534 esperone
1297 2475 1352 2534 que
1367 2462 1394 2520 le
1409 2462 1517 2520 lecteur
1534 2463 1583 2535 qui
1603 2476 1672 2520 aura
1692 2461 1751 2536 pris
1768 2462 1794 2519 lo
1806 2462 1892 2534 peine
1906 2459 1945 2519 dc

1144 2559 1196 2618 lire
1207 2567 1289 2620 notre
1303 2560 1421 2634 anulysc
1434 2574 1499 2618 sera
1511 2559 1639 2618 d'autant
1650 2561 1714 2634 plus
1728 2559 1821 2618 excite
1839 2557 1855 2618 h
1873 2573 1942 2633 par·

1144 2659 1239 2716 courir
1250 2659 1368 2716 l'neuvre
1382 2657 1421 2716 du
1435 2658 1527 2732 grand
1542 2661 1628 2732 Pepe,
1646 2655 1799 2716 demeurde
1815 2658 1840 2716 ei
1857 2659 1942 2732 long·

1145 2756 1439 2830 tempsdensl'oubli.

1179 2857 1258 2912 Nous
1274 2855 1413 2912 estimons
1427 2869 1483 2926 que
1504 2853 1562 2914 l’un
1580 2853 1631 2913 des
1646 2855 1710 2928 plns
1729 2852 1944 2927 remerqusbles

1144 2949 1179 3009 de
1200 2966 1249 3008 ces
1268 2965 1398 3009 sermons
1411 2959 1455 3011 est
1466 2953 1493 3010 le
1507 2949 1767 3026 vingtquatriieme.
1781 2953 1862 3012 Nous
1875 2950 1943 3010 n'en

1144 3049 1309 3108 donnerons
1325 3063 1377 3123 pes
1393 3050 1435 3108 les
1457 3050 1579 3121 rainone,
1602 3050 1659 3108 ailn
1681 3045 1800 3108 d'bviter
1818 3051 1861 3108 les
1876 3049 1941 3106 lon·

1144 3161 1260 3220 gueurs.
1274 3148 1353 3206 Nous
1366 3148 1514 3222 signalnns
1529 3147 1700 3222 cependant,
1718 3155 1798 3206 outre
1814 3148 1842 3205 le
1856 3145 1945 3206 debut

1144 3247 1192 3318 qui
1209 3252 1252 3304 est
1264 3244 1319 3305 iort
1331 3246 1406 3305 been
1421 3253 1449 3306 et
1462 3247 1537 3320 pleln
1553 3246 1738 3304 d'animatlon
1752 3245 1848 3319 (ouen
1859 3244 1944 3304 ierait

1144 3359 1266 3418 presque
1278 3359 1317 3402 un
1329 3344 1402 3416 suist
1416 3344 1452 3402 de
1466 3343 1616 3416 reproche,
1628 3343 1652 3402 si
1661 3344 1688 3402 la
1703 3343 1777 3402 suite
1788 3357 1824 3401 ne
1835 3341 1942 3416 repon·

1142 3440 1229 3501 daith
1245 3457 1278 3500 ce
1289 3442 1562 3515 commencement),
1578 3443 1605 3499 ln
1624 3441 1799 3514 description
1818 3440 1869 3499 des
1883 3440 1942 3498 cir·

1143 3548 1314 3599 constances
1326 3540 1361 3598 de
1377 3542 1402 3598 la
1418 3540 1548 3609 Pession,
1559 3537 1858 3608 tresmouvementec,
1870 3536 1942 3596 ohe·

1142 3647 1283 3708 murense,
1304 3639 1398 3712 plcine
1413 3638 1448 3695 de
1463 3639 1508 3696 vie
1527 3645 1556 3695 et
1570 3636 1608 3695 dn
1627 3636 1729 3695 souille
1751 3636 1885 3694 oretoire.
1904 3637 1943 3694 Ce

1143 3738 1237 3794 memo
1262 3735 1392 3793 discours
1419 3735 1528 3793 semble
1555 3733 1699 3792 d'ailleurs
1725 3733 1789 3808 plus
1814 3730 1944 3792 travaille

1142 3850 1214 3908 pour
1232 3835 1259 3892 le
1275 3835 1358 3908 style,
1372 3834 1421 3906 qui
1439 3841 1484 3891 est
1499 3833 1589 3890 tantdt
1603 3829 1720 3906 elegant
1732 3840 1761 3890 et
1779 3831 1875 3888 meme
1894 3845 1942 3888 re·

1142 3930 1283 3991 cherche:
1306 3953 1318 3985 ι
1337 3934 1379 3990 'iu
1399 3938 1479 3989 aceto
1501 3932 1619 4004 potaris,
1636 3937 1665 3988 et
1688 3943 1744 4003 ego
1770 3928 1944 4001 exquisitum

1141 4033 1240 4088 virtum
1262 4030 1375 4087 intueor
1395 4044 1482 4102 quum
1503 4029 1627 4087 iloresoit
1650 4028 1679 4085 ln
1702 4028 1822 4098 vitro„
1851 4026 1945 4084 tuntbt

1142 4128 1261 4202 image:
1282 4149 1294 4180 ι
1323 4129 1399 4185 blnrs
1418 4128 1508 4196 edesl,
1538 4127 1596 4184 imo
1619 4127 1708 4186 currit
1722 4132 1750 4182 ct
1769 4123 1898 4198 pervolet
1912 4122 1943 4180 in

1142 4227 1223 4299 equis
1239 4233 1268 4283 et
1281 4225 1427 4296 curribus;
1450 4247 1461 4276 ι
1481 4226 1571 4282 tantdt
1589 4226 1738 4282 inveniant
1762 4233 1791 4283 et
1814 4223 1943 4287 iorntant

1141 4325 1177 4381 de
1190 4332 1269 4382 toute
1287 4321 1378 4397 pisce,
1393 4323 1473 4380 selon
1488 4323 1515 4381 le
1533 4323 1642 4380 conscii
1662 4321 1700 4380 du
1720 4320 1815 4396 poete,
1833 4323 1860 4382 le
1882 4333 1943 4384 mot

287 4415 354 4473 licet
371 4431 386 4474 e
406 4425 524 4490 peccato
544 4421 590 4477 vel
605 4421 765 4494 iniquitate,
788 4438 804 4480 e
820 4422 1010 4494 tribulatione,
1026 4433 1055 4482 et
1070 4441 1086 4484 a
1142 4437 1245 4496 propre
1260 4423 1309 4496 qui
1324 4417 1477 4493 manqneb
1493 4421 1519 4478 ln
1538 4419 1660 4493 langue:
1682 4440 1694 4472 ι
1716 4423 1752 4479 Et
1766 4435 1824 4478 non
1843 4435 1940 4480 rema·

287 4516 480 4588 corruptione.
500 4519 570 4576 hh
595 4526 713 4591 peccato
733 4518 806 4578 iacta
823 4529 866 4578 est
879 4521 1037 4596 redemptio
1057 4524 1087 4581 in
1140 4518 1299 4591 lodicebat;
1325 4539 1336 4570 ι
1359 4519 1451 4577 tantbt
1476 4516 1633 4592 energiquo
1648 4516 1782 4591 jnsqu'an
1800 4518 1941 4578 sublime:

288 4610 391 4672 Christi
410 4615 563 4686 passione:
584 4617 614 4673 in
629 4615 685 4676 hac
703 4617 900 4692 redemptione
919 4620 996 4678 dedit
1020 4635 1085 4694 pre·
1143 4617 1302 4690 «cruciligi
1317 4631 1375 4674 non
1390 4623 1451 4674 erat
1466 4616 1569 4685 occidi,
1589 4615 1641 4674 sed
1656 4615 1706 4674 diu
1727 4623 1847 4674 mortem
1872 4631 1938 4691 pro·

287 4711 535 4784 tiumsangninem
548 4729 641 4771 suum.
656 4715 682 4772 2.
695 4715 720 4772 Α
731 4717 1086 4793 tribulationeirtredemp
1141 4713 1225 4784 trahi,
1241 4722 1271 4772 et
1285 4713 1412 4771 dolorem
1425 4714 1616 4786 augmentari.
1631 4735 1642 4766 ι

217 4845 220 4852 ·
287 4806 328 4864 tio
347 4808 451 4866 animae
470 4809 499 4867 in
518 4812 614 4870 carnis
637 4813 790 4871 solutione.
816 4816 843 4872 3.
859 4818 885 4873 Λ
903 4819 1086 4891 corruptione
1177 4814 1261 4871 Selon
1271 4810 1652 4884 leconseildesclnssiques,
1663 4811 1806 4870 Honorius
1816 4819 1863 4870 est
1874 4810 1943 4870 dmu

288 4905 336 4964 iret
350 4905 508 4981 redemptio
523 4911 552 4966 in
564 4911 782 4981 resurrectione,
794 4911 909 4984 quando
921 4915 1015 4972 omnis
1027 4930 1087 4972 cnr·
1140 4910 1301 4979 lul-meme,
1314 4909 1439 4982 lorsqu’il
1452 4917 1519 4966 veut
1534 4908 1603 4966 inire
1613 4908 1705 4966 vibrer
1714 4905 1942 4968 l’t'emotinndnns

285 5005 380 5077 ruptio
405 5007 518 5065 tolletur
543 5008 579 5066 ne
602 4987 689 5067 carne
710 5025 761 5082 por
786 5011 909 5084 gloriam
938 5025 1083 5072 resurrec·
1140 5006 1182 5064 les
1195 5006 1332 5065 eoeursde
1349 5021 1397 5064 ses
1413 5006 1567 5064 annitens.
1581 5006 1604 5065 ll
1614 5007 1705 5064 excite
1722 5020 1759 5064 en
1771 5021 1820 5064 ces
1835 5013 1942 5065 termes

286 5106 383 5163 tionis.
400 5127 410 5158 ι
1139 5106 1182 5162 les
1192 5089 1341 5178 pechcurs
1351 5100 1763 5176 leschretienslanguissents:
1778 5125 1789 5154 r
1802 5102 1858 5161 Sed
1869 5103 1942 5176 proh

320 5203 366 5262 36.
378 5206 456 5262 Avec
467 5205 530 5279 plus
541 5203 576 5263 dc
590 5204 752 5279 liberteqne
765 5221 819 5265 nos
833 5223 939 5283 usages
955 5209 1085 5283 presente
1140 5201 1246 5276 pudori
1262 5201 1390 5260 Christus
1406 5201 1475 5260 vivit
1487 5209 1515 5258 ct
1533 5217 1586 5259 nos
1604 5199 1698 5258 adhuc
1715 5200 1941 5272 succumbimus,

285 5301 357 5358 nele
370 5303 583 5375 permettent,lc
595 5302 798 5376 predicateura
811 5304 954 5365 sulairela
963 5323 1085 5364 censure
1140 5300 1267 5360 Christus
1277 5301 1431 5357 resurrexit
1444 5307 1473 5357 et
1483 5313 1536 5358 nos
1547 5297 1640 5356 adhue
1647 5298 1798 5372 J'aeemus,
1812 5296 1941 5357 Christus

286 5397 340 5456 iort
354 5401 429 5468 vive,
445 5415 481 5458 en
496 5409 623 5475 pansant,
639 5402 691 5460 des
705 5417 812 5461 moeurs
824 5403 860 5460 de
877 5406 1004 5462 certains
1018 5403 1083 5478 pre·
1139 5397 1241 5471 vigilat
1254 5405 1282 5454 et
1304 5412 1358 5454 nos
1374 5397 1468 5454 edhuc
1482 5396 1651 5466 dormimus,
1674 5396 1802 5454 Christus
1823 5396 1894 5454 vivit
1912 5404 1941 5456 et

285 5497 340 5555 luis
354 5505 383 5556 et
397 5497 448 5556 des
460 5500 567 5574 grands
576 5500 614 5558 du
630 5501 774 5560 treicibme
789 5500 912 5560 siecle«
929 5503 1001 5561 Nota
1017 5510 1085 5574 quot
1139 5510 1193 5553 nos
1208 5494 1301 5552 adhuc
1314 5495 1461 5566 morimur,
1473 5493 1601 5554 Christus
1612 5495 1732 5568 imperat
1749 5499 1779 5550 et
1790 5493 1899 5564 liberat,
1912 5501 1940 5551 et

283 5593 369 5652 hodie
379 5595 463 5667 signa
479 5604 545 5654 sunt
559 5599 587 5654 in
604 5599 676 5668 sole,
691 5598 780 5657 idest
797 5600 825 5656 in
847 5598 972 5673 prelatis
984 5599 1083 5657 Ecole·
1140 5609 1192 5652 nos
1207 5591 1301 5651 adhuc
1314 5593 1390 5650 servi
1405 5607 1514 5663 sumus,
1531 5615 1542 5644 r
1558 5593 1654 5649 Sermo
1667 5607 1733 5650 xxv.
1746 5592 1769 5650 tl
1784 5591 1879 5648 anime
1894 5591 1937 5649 les

285 5692 345 5762 εἰῶ,
360 5693 425 5766 quis
444 5692 579 5754 deberent
597 5711 661 5754 csse
680 5697 734 5767 sol,
757 5703 788 5755 ut
802 5697 858 5754 diei
874 5705 1040 5770 preessent,
1057 5697 1085 5756 icl
1137 5691 1228 5765 jnstes
1241 5705 1351 5765 pnrces
1364 5691 1477 5763 paroles
1489 5689 1695 5749 enhammbes:
1712 5709 1724 5741 ι
1740 5687 1945 5748 0hcharitusl-
