3954 6358
631 425 634 430 .
711 327 764 392 DE
785 325 981 393 ADVENTU
1005 327 1060 392 iv.
1649 333 1709 394 uia

911 489 984 550 dem
1012 489 1048 549 iu
1076 487 1249 566 parvulis;
1276 490 1345 565 jam
1375 503 1455 550 vero
1485 491 1647 576 susceptae
1672 492 1708 552 in

428 576 485 662 IV
911 585 1044 647 adultis.
1058 587 1112 647 Sic
1125 585 1334 647 circumcisio
1346 584 1489 648 Abrahae
1500 587 1708 662 signaculum

912 683 983 744 erat
992 683 1131 760 justitiae
1142 686 1214 760 jam
1229 699 1272 746 ex
1285 683 1350 744 fide
1362 685 1534 760 susceptae.
1550 688 1645 762 Aqua
1659 685 1710 746 est

199 782 253 842 DE
274 780 487 842 ADVENTU.
512 780 651 840 SERMO
675 779 718 841 IV
799 789 802 795 '
912 779 1043 855 signum
1072 780 1163 852 ndei,
1189 781 1298 842 oleum
1321 781 1407 858 spei,
1432 781 1520 858 ignis
1547 783 1706 844 caritatis.

911 877 1008 938 Fides
1032 877 1132 948 enim,
1155 878 1240 939 siout
1261 877 1362 954 piscis
1379 879 1415 938 in
1439 880 1534 956 aquis
1553 879 1709 956 baptismi

102 965 175 1040 Εθθ
188 962 320 1038 badim
335 963 371 1022 in
385 976 475 1036 adua
485 979 496 1020 ·'
506 962 641 1023 Medii&
656 960 773 1022 aulem
787 975 859 1022 2³88·
912 972 1114 1046 nutritur,·et
1126 974 1240 1036 sordes
1252 976 1372 1037 animae
1385 977 1515 1054 purgat,
1528 976 1613 1038 sicut
1623 993 1709 1054 aqua

58 1061 383 1134 irumsteittquem
401 1074 462 1120 ²²08
481 1054 856 1136 nescitis(ioan.1,26).
913 1071 1072 1148 corporis.
1096 1074 1177 1148 Spes
1200 1072 1241 1132 ad
1265 1089 1409 1150 superna
1430 1073 1540 1136 evolat
1558 1073 1591 1136 et
1612 1090 1710 1135 cons-

102 1176 193 1238 lnter
208 1174 317 1235 omnia
333 1174 542 1234 sacramenta
565 1188 638 1248 quae
657 1173 715 1233 aut
736 1172 777 1232 ad
797 1188 859 1248 pu·
913 1167 1068 1229 cientiam
1091 1168 1248 1241 letificat,
1270 1167 1355 1231 sicut
1373 1169 1482 1230 oleum
1504 1171 1707 1247 supernatat,

59 1272 291 1342 rideationem,
315 1271 373 1332 aut
398 1270 439 1330 ad
464 1268 700 1330 exaltationem
722 1269 858 1330 humani
913 1264 1089 1327 etfaciam
1115 1266 1291 1328 exhilarat.
1323 1267 1475 1328 Charitas
1508 1269 1594 1330 sicut
1620 1268 1709 1346 ignis

59 1369 195 1445 generis
226 1367 370 1430 instituit
399 1368 504 1428 Filius
534 1366 609 1439 Dei,
637 1355 779 1444 primum
809 1367 860 1428 est
913 1362 1075 1426 accendit.

56 1465 306 1528 sacramentum
320 1464 490 1541 Baptismi,
505 1463 590 1541 quod
602 1462 859 1539 praenuntiatum
953 1461 1114 1532 Quoniam
1138 1461 1243 1537 igitur
1263 1478 1333 1524 rem
1353 1463 1485 1538 signum
1509 1480 1604 1524 suum
1619 1481 1711 1542 prae-

59 1564 113 1626 est
136 1561 332 1640 baptismate
352 1554 501 1632 ioannis,
519 1561 575 1637 qni
589 1560 714 1637 primus
738 1560 860 1637 legitur
914 1557 1030 1618 cedere
1045 1558 1150 1630 debet,
1165 1559 1240 1620 ideo
1254 1562 1287 1621 et
1296 1560 1359 1622 ista
1369 1559 1564 1638 justificatio
1573 1577 1709 1626 causam

59 1660 249 1737 baptizasse
261 1675 328 1720 non
342 1659 378 1720 in
393 1659 522 1736 spiritu,
536 1657 593 1718 sed
609 1658 643 1718 in
658 1673 756 1735 aqua.
767 1658 860 1719 Unde
915 1671 1008 1716 suam
1021 1653 1120 1717 hahet
1132 1658 1375 1718 sacramentum
1386 1659 1576 1734 praecedens
1587 1676 1660 1736 quae
1674 1660 1711 1721 fit

55 1757 135 1832 ipse
161 1755 269 1815 dixit:
285 1758 358 1830 Epo
382 1755 515 1826 baptizo
536 1756 573 1814 in
596 1767 712 1826 uque:
727 1756 860 1814 medias
914 1768 973 1828 per
985 1753 1125 1830 primam
1146 1754 1397 1816 instructionem
1419 1755 1497 1816 fidei
1514 1757 1547 1817 et
1561 1757 1712 1818 exorcis-

59 1855 182 1914 atatem
206 1853 362 1914 oestrum
384 1851 489 1922 stetit,
515 1864 616 1924 etiem
640 1863 701 1912 vos
721 1851 860 1912 nescitis
914 1866 1014 1910 mum.
1032 1852 1172 1912 Forma:
1189 1851 1474 1914 istasuntverba:
1489 1856 1562 1928 hpc
1576 1854 1710 1927 baptizo

58 1953 163 2023 maius
181 1965 243 2026 epo
262 1963 330 2010 non
348 1963 427 2010 sum
444 1951 567 2024 diarius
585 1951 774 2024 comiatum
786 1953 859 2010 cai-
915 1949 948 2010 te
962 1949 999 2009 in
1019 1950 1157 2010 nuntiate
1179 1949 1308 2020 Patris,
1332 1951 1366 2010 et
1390 1952 1471 2010 Filii
1499 1951 1532 2010 et
1557 1951 1710 2024 Spiritus

58 2047 233 2108 ceauaentt
253 2037 385 2108 soluere
410 2042 440 2123 (J
444 2061 518 2120 oen.
543 2043 636 2117 ibid,
649 2042 715 2122 27).
732 2045 860 2116 Quanta
914 2045 1042 2116 saneti,
1055 2044 1108 2106 vel
1122 2061 1183 2106 sua
1194 2045 1439 2122 aequipollentia
1451 2045 1485 2106 in
1499 2047 1566 2106 alia
1581 2047 1707 2122 lingua.

58 2145 107 2206 sit
120 2143 343 2204 Praecursoris
357 2141 539 2212 humilitas,
554 2142 741 2219 quantaque
756 2141 862 2202 subii·
914 2142 1032 2203 Modus
1054 2142 1353 2204 administrationis
1375 2143 1515 2220 triplex;
1542 2143 1628 2204 alius
1651 2161 1708 2205 se-

59 2243 163 2303 mitas
177 2241 417 2317 Redemptoris,
432 2256 474 2300 ex
486 2239 549 2300 hoc
562 2239 634 2300 loco
647 2239 861 2316 perpenditur
915 2239 1058 2328 cundum
1073 2239 1229 2318 baptismi
1241 2240 1482 2302 institutionem
1498 2241 1554 2318 qni
1565 2241 1606 2302 ad
1620 2242 1708 2302 solos

57 2337 248 2400 manifeste.
265 2339 350 2400 Nam
362 2337 440 2398 licet
452 2338 598 2398 ioannes
613 2335 861 2398 existimaretur
915 2337 1121 2413 sacerdotes;
1145 2338 1231 2398 alius
1260 2338 1440 2399 secundum
1466 2338 1707 2410 necessitatem,

55 2437 129 2498 tam
149 2451 289 2510 magnus
311 2436 348 2496 ut
368 2434 558 2496 crederetur
579 2449 598 2494 a
622 2433 771 2510 pluribus
788 2449 860 2496 esse
915 2434 948 2494 et
961 2434 1060 2511 hujus
1075 2435 1182 2511 primo
1204 2435 1246 2496 ad
1259 2451 1317 2496 sos
1333 2435 1388 2512 qui
1405 2435 1446 2496 ad
1462 2435 1567 2496 altare
1591 2436 1712 2497 minis-

60 2533 227 2603 Christus,
239 2533 311 2610 ipse
320 2533 430 2594 tamen
443 2531 574 2608 reputat
583 2547 618 2592 se
631 2531 698 2592 tam
708 2547 858 2608 parsum,
914 2531 1004 2592 trant
1018 2530 1255 2604 sacerdotibus,
1272 2530 1349 2591 inde
1373 2531 1414 2592 ad
1434 2533 1573 2592 caeteros
1594 2548 1710 2606 omnes

61 2633 97 2692 ut
109 2631 155 2692 ad
165 2630 356 2692 solvendam
370 2629 548 2704 corrigiam
560 2627 777 2690 calceamenti
788 2632 860 2706 ejus
914 2627 1067 2704 pertinet.
1093 2629 1121 2688 h
1140 2628 1245 2689 morte
1267 2628 1400 2699 Christi,
1423 2628 1456 2689 et
1479 2629 1642 2704 sanguine
1660 2629 1711 2690 et-

55 2728 232 2790 exish'met
254 2743 290 2788 se
311 2725 495 2802 indignum.
525 2725 587 2787 Sed
611 2727 701 2788 certe
719 2747 727 2786 ε
743 2729 801 2802 qui
823 2741 860 2788 se
915 2723 1045 2786 fusione
1071 2723 1254 2801 baptismus
1284 2725 1440 2786 virtutem
1466 2727 1499 2788 et
1526 2725 1710 2788 efficaciam

58 2826 221 2890 humiiot
247 2825 458 2886 exaitabitur
482 2820 575 2901 (Luc.
606 2839 704 2896 xvnr,
731 2819 794 2902 14).
822 2824 862 2885 Et
915 2837 1009 2882 suam
1032 2821 1159 2893 hahuit,
1185 2823 1271 2884 sicut
1294 2823 1371 2883 alia
1387 2824 1608 2897 sacramenta,
1636 2825 1708 2886 sive

53 2923 206 2987 iacchus
231 2922 267 2982 in
294 2921 441 2998 Epistola
470 2919 630 2982 canonica
657 2941 665 2980 ε
694 2924 861 2984 horninur
915 2919 992 2980 ante
1011 2921 1142 2996 Legem,
1157 2919 1227 2981 sive
1251 2919 1286 2981 in
1310 2922 1407 2996 Lege.
1432 2923 1496 2982 Per
1519 2921 1607 2982 hunc
1622 2921 1711 2982 enim

58 3022 181 3082 utitem
200 3022 357 3094 superbis
378 3019 522 3090 resistit,
545 3021 726 3081 humilibus
744 3019 862 3079 autem
915 3015 1064 3077 Christus
1081 3033 1154 3094 quae
1169 3016 1257 3078 iacta
1273 3017 1350 3078 sunt
1360 3017 1505 3090 dimittit,
1523 3019 1710 3095 adjuvatus

58 3119 121 3180 dat
140 3119 292 3193 oratiam
309 3114 392 3195 (iac.
408 3131 455 3187 1v,
470 3113 515 3194 6).
533 3115 610 3176 Sola
627 3114 715 3175 enim
730 3114 859 3192 baptis·
915 3114 1058 3188 amplius
1086 3113 1177 3174 liant.
1208 3114 1301 3175 Facit
1323 3115 1358 3175 ut
1376 3115 1433 3175 lex
1462 3115 1649 3192 impleatur,
1675 3117 1711 3178 nt

58 3231 139 3276 mus
158 3214 296 3278 ioannis
320 3229 459 3290 corpora
482 3211 647 3284 abluebat,
672 3228 692 3272 a
717 3213 861 3288 peccatis
916 3211 1035 3274 natura
1058 3210 1218 3273 liberetur
1247 3227 1289 3272 ne
1316 3213 1487 3289 peccatum
1511 3213 1708 3275 dominetur.

59 3328 145 3375 vero
166 3313 294 3373 animas
322 3327 389 3372 non
413 3308 602 3371 mundabat.
627 3309 724 3371 Utilis
750 3309 861 3370 tamen
915 3308 992 3368 Tria
1005 3309 1101 3384 signa
1116 3309 1397 3372 sacramentorum
1419 3309 1639 3373 discernenda
1654 3327 1712 3372 oc-

55 3410 138 3472 erat
160 3409 341 3485 baptismus
361 3408 511 3480 ioannis,
540 3407 597 3484 qui
621 3406 772 3468 homines
798 3423 861 3468 usu
916 3408 1065 3466 currunt.
1088 3407 1170 3467 Sunt
1184 3406 1272 3466 enim
1288 3406 1438 3484 quaedam
1454 3409 1661 3468 sacramenta
1676 3407 1710 3467 in

57 3507 252 3584 baptizandi
265 3504 473 3583 praeparabat
485 3504 524 3566 ad
539 3504 737 3581 baptismum
754 3504 862 3565 Chris·
917 3502 1035 3581 quibus
1050 3503 1280 3580 principaliter
1298 3504 1388 3564 salus
1404 3504 1534 3566 constat
1548 3505 1581 3566 et
1594 3504 1707 3580 perci-

58 3607 96 3678 ti,
114 3605 173 3666 rel
187 3603 264 3682 quia
279 3602 430 3663 homines
445 3601 607 3663 invitabat
627 3601 669 3661 ad
693 3601 860 3678 poeniten·
915 3601 1017 3678 pitur,
1034 3600 1121 3660 sicut
1142 3615 1228 3677 aqua
1249 3599 1469 3677 baptismatis,
1488 3603 1524 3663 et
1542 3601 1710 3678 perceptio

56 3701 156 3773 uam,
170 3701 255 3762 sicut
271 3700 342 3776 ipse
355 3699 555 3776 praedicabat
570 3719 576 3758 :
593 3699 684 3774 cpite
697 3701 862 3772 poeiiiteu-
916 3696 1064 3776 corporis
1077 3698 1111 3758 et
1124 3697 1299 3774 sanguinis
1314 3697 1447 3760 Christi.
1459 3698 1534 3760 Alia
1547 3697 1624 3759 sunt
1638 3714 1711 3775 quae

58 3802 162 3871 tiam,
178 3797 468 3873 appropinquavit
487 3799 579 3858 etaim
599 3809 746 3872 reyititm
762 3801 862 3858 coeio-
916 3794 980 3856 etsi
1004 3795 1194 3858 necessaria
1213 3811 1281 3856 non
1304 3797 1382 3857 suut
1404 3795 1446 3856 ad
1464 3795 1616 3869 salutem,
1634 3795 1712 3873 quia

57 3893 355 3973 rumi(htatth.111,
371 3891 417 3974 2).
916 3892 988 3954 sine
1003 3892 1057 3954 his
1081 3892 1172 3952 salus
1192 3891 1309 3953 haberi
1324 3893 1441 3969 potest,
1464 3893 1641 3970 proliciunt
1659 3894 1714 3954 ta-

100 3993 236 4070 Septem
265 3993 341 4053 sunt
366 3990 564 4052 attendenda
589 3990 625 4050 in
653 3991 859 4068 sacramento
916 4005 992 4052 men
1015 3989 1055 4050 ad
1087 3988 1402 4060 sanctificationem,
1426 3990 1504 4066 quia
1526 3989 1579 4050 his
1604 3989 1712 4052 virtus

58 4090 230 4168 baptismi.
253 4089 432 4161 Institutio,
449 4103 549 4148 causa
568 4087 783 4149 institutionis
801 4103 861 4148 sa·
916 4086 1076 4158 exerceri,
1100 4087 1133 4147 et
1146 4085 1254 4160 gratia
1276 4085 1418 4162 amplior
1438 4087 1567 4163 acquiri
1591 4087 1710 4162 potest,

58 4187 241 4258 crementi,
269 4202 324 4247 res
350 4185 561 4254 sacramenti,
594 4183 711 4257 torma,
745 4184 861 4245 modus
916 4187 952 4244 ut
972 4199 1059 4260 aqua
1080 4182 1283 4259 aspersionis
1304 4182 1338 4244 et
1356 4183 1521 4260 susceptio
1541 4183 1664 4244 cineris
1679 4185 1712 4244 et

60 4284 363 4346 administrationis
379 4283 413 4345 et
427 4282 513 4343 unde
530 4281 713 4343 efficaciam
728 4281 859 4343 haheat.
917 4279 1051 4342 similia.

60 4381 235 4444 Institutio
252 4381 337 4452 :lte,
352 4381 466 4442 docete
480 4395 599 4442 ornnes
613 4381 741 4456 pentes,
759 4379 863 4454 oopli·
957 4377 1040 4440 Sunt
1051 4393 1184 4440 rursum
1199 4377 1266 4439 alia
1281 4379 1488 4439 sacramenta
1501 4393 1575 4455 quae
1590 4378 1630 4439 ad
1647 4377 1711 4439 hoc

59 4482 185 4542 zeittes
195 4493 253 4540 eos
265 4477 395 4558 (Matth.
404 4493 523 4550 xxvnr,
535 4473 594 4548 19),
603 4493 676 4555 (luae
682 4477 717 4537 in
728 4477 861 4538 nomine
917 4476 1023 4536 solum
1036 4475 1187 4537 instituta
1202 4490 1275 4537 esse
1288 4474 1452 4546 videntur,
1467 4475 1503 4536 ut
1512 4491 1571 4551 per
1585 4475 1658 4552 ipsa
1671 4491 1711 4536 ea

60 4577 237 4638 ibinitatis
255 4576 503 4653 praecipiuntur.
917 4589 990 4650 quae
1020 4573 1149 4635 caeteris
1176 4571 1394 4634 sacramentis
1422 4572 1650 4647 significandis
1679 4572 1712 4632 et

101 4674 163 4736 Est
174 4689 274 4735 causa
292 4673 510 4734 institutionis
522 4672 654 4749 triplex,
667 4671 746 4748 quia
757 4671 793 4731 in
806 4670 864 4732 tri·
916 4668 1128 4732 instituendis
1144 4670 1335 4730 necessaria
1356 4670 1444 4740 sunt,
1469 4669 1710 4746 quodammodo

59 4772 143 4850 plici
171 4771 367 4832 remissione
394 4769 555 4841 consistit,
586 4769 713 4830 scilicet
737 4767 863 4846 peccati
916 4767 1146 4845 praeparentur
1158 4768 1192 4828 et
1204 4766 1465 4837 sanctificentur,
1479 4769 1515 4828 ut
1528 4767 1618 4827 circa
1633 4782 1711 4844 per-

60 4868 249 4945 originalis,
275 4867 473 4943 ignorantiae
496 4867 528 4927 et
555 4866 769 4928 infirmitatis.
797 4868 861 4926 Sa·
918 4879 1016 4926 sonas
1030 4863 1066 4925 in
1088 4864 1191 4926 sacris
1216 4862 1388 4924 ordinibus
1408 4863 1628 4940 perficiendis.
1657 4863 1711 4925 vel

60 4967 269 5028 aramentum
293 4964 426 5041 triplex,
452 4965 529 5040 quia
553 4963 588 5024 in
615 4980 712 5040 aqua,
737 4963 808 5024 oleo
830 4963 864 5024 et
916 4960 1016 5022 iniis
1042 4977 1115 5038 quae
1136 4961 1177 5021 ad
1199 4960 1348 5022 habitum
1365 4975 1536 5022 sacrorum
1558 4961 1712 5021 ordinum

59 5066 154 5140 igne.
171 5067 235 5126 Res
251 5061 461 5133 sacramenti,
474 5060 670 5138 justificatio
685 5062 735 5122 est
749 5060 862 5122 homi·
917 5058 1092 5136 pertinent,
1112 5058 1288 5120 initiantur
1307 5059 1340 5119 et
1360 5057 1490 5119 caeteris
1509 5057 1710 5146 hujusmodi.

60 5163 116 5224 nis
131 5162 199 5222 tam
214 5160 389 5221 exterioris
407 5174 480 5236 quae
494 5159 530 5218 in
547 5157 670 5234 triplici
687 5147 874 5234 praedicto'
918 5156 1030 5218 Prima
1045 5171 1125 5232 ergo
1140 5155 1182 5218 ad
1206 5155 1357 5226 salutem,
1382 5155 1529 5215 secunda
1549 5154 1590 5214 ad
1610 5170 1711 5216 exer-

61 5276 139 5320 rum
155 5259 363 5335 peccatorum
379 5254 573 5318 remissione
588 5254 749 5326 consistit,
765 5270 863 5331 quam
918 5252 1119 5325 citationem,
1135 5253 1233 5315 teriia
1246 5251 1287 5314 ad
1302 5251 1579 5329 praeparationem
1592 5252 1713 5314 consti·

61 5355 246 5427 interioris,
268 5371 340 5432 quae
363 5355 397 5414 in
417 5352 541 5429 triplici
559 5352 687 5414 constat
705 5352 863 5414 virtutum
918 5352 988 5413 tuta
1003 5351 1091 5412 sunt.

61 5453 288 5530 susceptione,
306 5450 402 5522 idest,
419 5449 507 5518 fidei,
531 5450 601 5526 spei
623 5451 655 5511 et
679 5449 861 5512 charitatis.
959 5449 1176 5522 Quaerendum
1203 5447 1304 5524 igitur
1336 5445 1431 5508 nobis
1464 5446 1524 5519 est,
1557 5447 1634 5524 quid
1669 5447 1712 5508 sit

64 5552 108 5612 Et
132 5549 223 5610 illius
244 5549 376 5626 quidem
392 5547 522 5608 visibile
546 5548 789 5609 sacramentum
815 5549 866 5608 est
918 5546 1111 5622 baptismus,
1134 5559 1236 5622 quare
1259 5544 1304 5606 sit
1325 5543 1507 5615 institutus,
1534 5559 1606 5620 quas
1630 5541 1714 5620 hap-

67 5663 192 5722 causa3
209 5646 305 5709 istius
317 5661 397 5708 rero
409 5645 540 5722 signum
553 5644 771 5722 suscipiendae
784 5645 863 5723 qui·
888 5627 893 5728 Ι
918 5643 1008 5706 tismi
1044 5643 1120 5704 suut
1158 5641 1348 5704 testimonia
1379 5641 1416 5727 'et
1450 5656 1522 5718 quae
1563 5639 1709 5717 species:

209 5820 325 5866 aarum..
346 5823 419 5868 rous
438 5811 460 5868 1.
1528 5795 1569 5854 2¹.
