3962 6294
918 343 1307 412 nononuiiiornni
1346 311 1353 330 '

495 549 709 638 TITULUS
734 550 866 641 XVIII

292 735 294 740 “
321 719 367 788 un'
387 741 575 792 saudauma
595 741 953 798 excommunicationis
976 733 1034 818 (1).

370 863 551 938 Maplstra,
569 866 602 926 al
613 867 784 939 fratribus
797 871 989 944 Hospitalis

490 963 825 1046 Hierosolpmllaill(
848 963 873 1044 ).

586 1115 722 1179 CAPUT
749 1119 773 1178 1.

319 1236 486 1300 canonica
512 1240 745 1304 constitutione
771 1243 908 1306 cavetur
921 1243 1009 1321 quod
1031 1241 1078 1324 (a)

279 1335 434 1396 monachi
449 1336 482 1398 et
507 1339 660 1401 canonici
687 1340 858 1416 regulares
875 1357 1079 1420 quocumque

280 1433 377 1495 modo
392 1449 428 1496 se
442 1435 478 1495 in
501 1435 646 1498 clanstro
662 1439 897 1515 percusserint,
917 1455 983 1502 non
1003 1439 1080 1502 sunt

279 1530 557 1608 adapostolicam
574 1535 691 1597 Sedent
711 1537 874 1610 mittendi,
887 1537 943 1600 sed
960 1553 1080 1600 secun-

280 1627 358 1689 dum
377 1630 618 1706 providentiam
638 1634 670 1695 et
691 1634 924 1696 discretionem
950 1636 1003 1696 sui
1019 1635 1080 1697 ah-

280 1725 367 1788 batis
382 1727 565 1805 disciplinae
587 1729 781 1805 subdantur,
804 1734 889 1809 quod
906 1733 934 1794 si
949 1733 1078 1796 abbatis

280 1823 435 1886 discretio
459 1826 501 1887 ad
527 1843 642 1889 eorum
662 1831 901 1892 correctionem
923 1847 990 1893 non
1008 1831 1080 1894 sui-

279 1921 358 1995 ficit,
391 1925 601 2000 providentia
636 1927 685 1990 est
718 1928 899 1990 dioecesani
931 1930 1078 2008 episcopi

278 2019 477 2094 adhihenda,
494 2023 560 2085 nisi
582 2041 740 2087 excessus
754 2026 897 2088 difficilis
912 2027 1023 2101 fuerit,
1046 2028 1079 2090 et

278 2120 434 2192 enormis,
450 2121 584 2198 propter
598 2139 695 2200 quem
710 2125 829 2186 merito
844 2125 888 2188 sit
899 2124 940 2186 ad
955 2127 1079 2188 Roma-

279 2230 356 2276 nam
384 2218 566 2280 Ecclesiam
596 2236 751 2283 recursus
789 2221 971 2284 habendus.
1008 2224 1077 2286 Nos

188 2333 189 2339 ¹
279 2327 358 2388 ergo
379 2315 499 2376 nestris
526 2317 822 2394 supplicationibus
846 2320 1010 2394 inclinati,
1036 2321 1077 2382 ad

277 2427 337 2472 vos
352 2412 508 2475 statutum
524 2414 713 2492 hujusmodi
726 2417 881 2478 duximus
893 2419 1078 2481 extenden-

278 2506 365 2581 dum,
383 2512 579 2575 auctoritaie
593 2513 808 2590 praesentium
823 2516 1017 2590 statuentes,
1040 2518 1076 2578 ut

277 2603 312 2664 in
337 2606 397 2667 tali
423 2624 513 2681 casu,
541 2611 607 2671 nisi
633 2611 770 2690 majoris
797 2613 840 2674 sit
865 2613 1077 2690 providentia

277 2705 486 2780 requirenda,
504 2724 563 2785 per
576 2708 722 2787 priorem
736 2711 895 2782 vestrum,
918 2711 975 2788 qui
991 2712 1078 2775 sicut

277 2803 464 2866 audivimus
488 2807 660 2885 presbyter
682 2824 756 2870 esse
786 2807 891 2882 debet,
918 2809 1077 2872 iratribus

277 2901 399 2963 vestris
427 2903 645 2967 absolutionis
674 2905 870 2968 beneficium
896 2908 1076 2985 impenda-

279 2999 344 3060 tur.

315 3171 356 3242 (l)
369 3174 407 3232 Ce
422 3175 485 3232 titre
497 3185 540 3234 est
554 3179 580 3235 le
595 3177 727 3236 aliaeu
745 3180 913 3251 Compitalia
924 3181 1033 3254 prima,
1049 3189 1079 3240 et

281 3241 308 3298 lc
321 3244 370 3302 39θ
382 3245 435 3304 des
446 3247 604 3306 De'cre'lales
619 3251 829 3322 Gre'aortennes.

319 3315 361 3444 (αλ
387 3319 533 3388 Magistro.
558 3323 646 3378 Fratri
674 3322 797 3380 Guarina
823 3323 859 3380 de
885 3324 1076 3394 Montescuto,

282 3400 337 3459 epit
370 3389 485 3446 Bosinm
502 3391 529 3446 in
542 3391 671 3448 Historia
682 3395 832 3463 Melitensi,
848 3393 895 3451 lib.
911 3395 986 3454 XIV.

317 3457 357 3533 (h)
384 3461 525 3530 Monactii,
546 3467 572 3519 el
586 3465 714 3520 canonici
734 3466 890 3536 copulares.
911 3469 952 3524 De
975 3481 1075 3524 mona·

280 3529 401 3587 chorum
420 3539 448 3589 ct
466 3535 669 3591 canonicorum
691 3537 864 3608 regularium
889 3538 937 3620 qui
958 3553 990 3594 se
1011 3553 1076 3612 per·

280 3609 430 3659 cusscrnnl
455 3603 485 3662 in
511 3604 634 3663 elaustro
663 3607 830 3678 penitentia,
855 3616 950 3680 agitur
972 3609 1001 3664 in
1023 3607 1078 3666 hoc

281 3685 344 3744 cap.
356 3675 504 3732 Percussio
519 3676 565 3732 illa
579 3677 686 3748 gravis,
698 3678 864 3750 intelligitur
876 3693 940 3750 qum
952 3679 1076 3748 sitense,

281 3743 386 3810 securi,
415 3743 461 3800 vel
485 3745 590 3816 jaculo,
615 3747 658 3802 vei
681 3747 743 3812 ξύλῳ
760 3750 830 3813 terei
843 3750 885 3799 καὶ
902 3751 961 3814 ilua
976 3751 1077 3813 μείζονι,

282 3809 310 3866 id
319 3819 362 3868 est
370 3811 547 3884 lipnapraai,
556 3817 599 3871 oet
614 3817 707 3886 lapide
723 3819 877 3888 iuniorem
887 3827 931 3876 est
946 3821 974 3876 in
988 3822 1078 3878 can.8

281 3883 314 3938 Ι).
330 3883 435 3952 Basilii,
460 3885 535 3956 quod
550 3887 673 3942 maxime
688 3887 799 3944 clericis
821 3890 995 3961 prohibetur,
1010 3906 1075 3949 can.

280 3952 315 4009 27
335 3953 460 4023 Aposlot.
485 3959 516 4013 lii
540 3958 720 4014 monasteriis
743 3957 798 4017 hoc
816 3961 941 4018 maxime
967 3962 1077 4032 pericu-

280 4023 388 4095 losum;
402 4025 523 4098 ideoque
538 4027 605 4084 olim
622 4027 727 4086 cultelli
747 4030 823 4088 acuti
845 4031 994 4090 monachis
1010 4048 1074 4105 pio·

279 4092 457 4165 hihehaiilur,
474 4099 546 4155 sicul
558 4097 640 4156 docet
652 4099 815 4173 Arnulphus
829 4103 1076 4176 episcopusbexa·

281 4165 397 4233 niensis,
412 4169 494 4241 epist.
513 4170 550 4226 ott
564 4169 762 4228 Ateaandrnin
779 4175 902 4244 Papam:
917 4191 951 4231 aa
973 4176 1031 4232 nisi
1045 4177 1078 4232 lte

279 4238 402 4296 aittlettis
416 4255 512 4296 eoram
532 4241 682 4312 pugionem
698 4245 819 4313 macida
842 4247 1001 4304 sustulisset
1022 4263 1074 4304 an·

279 4309 405 4379 tantas,
431 4312 533 4381 sapius
551 4328 637 4384 aeque
656 4314 693 4369 ad
715 4316 955 4382 alteralitatem
974 4323 1077 4374 mortes

280 4379 497 4451 intemperantia
519 4383 682 4440 deiecisset.
709 4386 769 4442 Nec
794 4387 886 4444 solum
915 4387 1076 4458 monachis,

279 4449 329 4507 sed
344 4453 455 4510 clericis
469 4467 581 4524 qnoque
597 4453 736 4512 interdicti
752 4455 830 4513 tuere
845 4456 875 4512 hi
887 4457 978 4514 cultri.
993 4461 1074 4517 loun.

279 4521 432 4580 cardinalis
448 4525 565 4581 Honorii
581 4526 669 4582 nostri
687 4526 809 4599 legatus,
825 4527 853 4582 in
872 4528 993 4584 concilio
1006 4531 1074 4586 ller-

278 4591 369 4658 densi,
386 4609 462 4652 anno
476 4597 545 4652 itis
562 4610 568 4650 :
585 4597 620 4652 ln
640 4597 771 4664 ecclesiis,
796 4598 967 4667 civilatibus,
987 4600 1075 4668 uillis,

278 4663 321 4718 cet
332 4665 428 4721 Alilais
439 4667 534 4722 clerici
546 4667 673 4724 cultellos
692 4674 788 4726 arulas
804 4674 920 4739 portare
934 4685 990 4726 nan
1001 4686 1074 4741 pra·

278 4739 401 4790 summit.
423 4735 502 4802 Quod
517 4736 553 4792 de
567 4738 665 4794 cultris
682 4747 710 4796 el
730 4739 844 4811 gladiis,
862 4740 936 4798 idem
954 4741 989 4798 de
1007 4757 1073 4814 gie·

281 4803 356 4876 phiis
367 4807 467 4873 acutis,
484 4808 648 4877 etcalainis,
662 4824 712 4866 seu
727 4812 818 4884 stylis,
830 4812 1075 4884 qniutplurininm

280 4880 362 4930 eraut
389 4875 483 4945 terrei,
511 4878 613 4950 quibus
634 4881 719 4936 etiem
744 4882 868 4939 coiiihssi
883 4882 961 4941 luere
976 4884 1076 4940 crchro

280 4952 429 5016 martyres.
446 4948 486 5004 lta
506 4950 593 5006 eliani
617 4951 692 5022 apud
711 4951 854 5010 Plutarch.
883 4954 912 5010 iu
932 4956 1075 5022 Gracchis,

279 5016 400 5084 Quintus
410 5018 532 5075 Antilius
548 5020 627 5078 lictor
643 5025 779 5090 coticulis,
797 5023 925 5092 calamis,
941 5039 992 5082 seu
1006 5040 1075 5098 gra·

280 5086 355 5160 phiis
370 5087 518 5146 consessus
539 5090 598 5147 luit.
615 5093 648 5148 Et
663 5090 724 5150 haec
736 5109 822 5152 causa
841 5092 892 5151 snit
916 5110 965 5151 cur
987 5111 1002 5152 a
1019 5099 1075 5154 Ro·

280 5159 374 5216 manis
395 5159 568 5232 prohibitum
588 5160 671 5218 suerit
695 5163 734 5219 nti
756 5163 886 5237 graphiis
906 5165 968 5224 aliis
990 5181 1076 5239 quein

279 5231 401 5296 corneis,
420 5239 449 5288 ut
463 5232 560 5290 scribit
572 5232 697 5290 Isidorus
713 5234 759 5292 lih.
778 5237 826 5304 Vl,
843 5237 953 5306 ortatu.
964 5251 1028 5311 cap.
1044 5239 1071 5295 8.
1128 5277 1131 5282 -

316 5301 352 5374 (c)
366 5303 419 5360 llic
434 5319 490 5360 non
501 5309 546 5361 est
560 5304 779 5364 immorandum.
792 5309 987 5364 Jursnieutiim
1001 5309 1077 5380 quod

280 5375 404 5446 exigitur
438 5373 474 5431 ab
502 5377 779 5446 excommunicatis,
812 5385 856 5434 est
883 5378 919 5436 de
950 5379 1077 5451 parendo

279 5445 421 5502 mandatis
445 5446 590 5514 Ecclesia,
614 5461 677 5518 cap.
694 5465 780 5518 quum
805 5449 942 5508 desideres
962 5458 990 5506 et
1010 5466 1074 5522 cap.

278 5518 315 5572 ait
329 5517 394 5582 tiae.
419 5526 508 5586 extra,
529 5516 592 5574 cod.
613 5519 657 5575 vel
678 5519 768 5590 ipsius
788 5522 1076 5578 excainmunicaloiis

1852 373 1901 435 aio

1134 511 1180 571 H.
1217 512 1314 574 lllalo
1351 512 1482 575 saueloe
1507 519 1694 592 Paciaecis,
1724 528 1900 602 praeoptem

1216 611 1397 684 caiutlualt,
1420 614 1536 687 Apasl.
1557 615 1654 678 Sedis
1667 619 1795 700 legato(
1811 621 1833 700 ).

1435 783 1570 846 CAPUT
1590 786 1630 847 II.

1176 905 1281 982 Super
1302 919 1341 968 eo
1356 906 1443 984 quod
1466 907 1621 970 monachi
1640 911 1743 973 Graeci
1765 913 1795 977 et
1811 917 1902 980 Here-

1134 1002 1223 1065 mitae
1238 1005 1372 1083 propter
1389 1005 1647 1069 inobedientiam
1667 1025 1758 1070 suam
1778 1027 1901 1090 suspen·
1956 1037 1957 1048 2

1134 1099 1238 1164 sionis
1253 1102 1286 1164 et
1304 1105 1656 1168 excommunicationis
1671 1107 1901 1185 circumligati,

1133 1198 1250 1261 nolunt
1271 1199 1312 1261 ad
1327 1202 1518 1265 mandatum
1532 1203 1701 1276 Ecclesiae,
1720 1205 1782 1266 nisi
1797 1223 1850 1283 per
1863 1208 1902 1286 (d)

1134 1295 1322 1358 manualem
1351 1298 1606 1374 promissionem
1631 1299 1753 1376 redire;
1779 1301 1836 1364 boc
1853 1303 1902 1365 tibi

1134 1391 1289 1456 duximus
1303 1395 1581 1474 respondendum,
1599 1398 1683 1475 quod
1696 1398 1724 1459 si
1736 1397 1904 1461 nullalenus

1133 1493 1271 1568 possunt
1293 1493 1409 1556 induci
1433 1494 1475 1556 ad
1498 1495 1719 1572 praestandum
1737 1497 1827 1574 juxta
1843 1497 1903 1559 ior-

1133 1605 1220 1652 mam
1236 1591 1393 1654 Ecclesiae
1409 1595 1648 1670 juramentum,
1671 1594 1758 1671 ipsos
1776 1595 1833 1656 hac
1844 1595 1905 1656 sice

1134 1701 1207 1748 cnm
1220 1689 1441 1765 promissione
1451 1691 1577 1768 poteris
1599 1692 1746 1768 recipere
1766 1691 1903 1763 manuali,

1133 1801 1233 1863 quum
1248 1787 1404 1866 undique,
1419 1789 1639 1852 consideratis
1650 1789 1793 1851 locorum
1805 1789 1906 1851 ellem-

1133 1900 1251 1962 porum
1276 1886 1503 1962 qualitatibus
1536 1887 1707 1951 severitati
1736 1887 1777 1948 sit
1799 1885 1906 1963 aliquid

1133 1981 1384 2046 detrahendum.

1311 2149 1519 2211 Frederieus
1537 2147 1747 2224 Imperator.

1422 2299 1558 2362 CAPUT
1579 2299 1637 2361 III.

1172 2424 1242 2484 Hac
1257 2421 1402 2496 edictali,
1425 2425 1460 2487 ol
1473 2426 1579 2500 liisira.
1604 2426 1818 2500 Quaecumque
1830 2436 1908 2482 com-

1132 2520 1289 2594 munitas,
1306 2520 1359 2584 vel
1374 2535 1517 2600 persona
1530 2537 1590 2600 per
1604 2537 1728 2584 annum
1741 2520 1775 2581 in
1790 2533 1908 2580 exeom-

1132 2619 1357 2684 municatione
1392 2619 1527 2697 propter
1552 2619 1742 2682 libertatem
1773 2615 1909 2678 Ecclesiae

1133 2716 1254 2779 iactam
1268 2717 1461 2795 perstiterit,
1474 2718 1546 2794 ipso
1556 2719 1635 2795 jure
1646 2714 1808 2794 imperiali
1815 2713 1908 2774 banno

1133 2815 1312 2894 subjaceat,
1326 2831 1345 2876 a
1360 2831 1424 2894 quo
1437 2816 1626 2878 nullatenus
1644 2813 1842 2884 extrahatur,
1853 2809 1908 2872 nisi

1133 2913 1225 2990 prius
1259 2913 1301 2974 ah
1327 2913 1475 2975 Ecclesia
1509 2913 1674 2976 beneficio
1711 2907 1910 2974 absolutionis

1132 3010 1265 3072 obtento
1279 3009 1337 3089 (2).

1133 3192 1190 3234 non
1216 3182 1260 3233 est
1283 3175 1396 3248 proprie
1419 3175 1508 3233 stricti
1529 3175 1612 3249 juris,
1638 3173 1691 3234 sed
1716 3169 1910 3256 consuetudinis

1132 3249 1277 3316 coeleste,
1300 3253 1330 3304 ut
1351 3254 1431 3304 notat
1449 3247 1604 3304 Panormit.
1623 3255 1652 3304 et
1677 3259 1815 3319 expressis
1831 3239 1912 3298 veihis

1132 3319 1215 3378 docel
1228 3317 1390 3376 Alexander
1400 3319 1452 3386 ΙΙΙ,
1467 3319 1495 3374 in
1506 3332 1570 3389 cap.
1584 3319 1721 3388 accelero,
1736 3315 1796 3374 eod.
1807 3331 1814 3372 :
1826 3326 1910 3370 secun·

1131 3392 1199 3448 dum
1221 3405 1326 3448 morem
1347 3389 1487 3447 Ecclesia.
1513 3391 1549 3445 Et
1570 3388 1636 3446 licet
1663 3389 1716 3446 hac
1734 3387 1911 3468 juramentum

1133 3463 1244 3536 vulgos
1260 3461 1383 3534 praelatis
1393 3460 1470 3532 exigi
1483 3459 1602 3528 videtur,
1619 3459 1693 3518 nihil
1705 3467 1797 3517 tamen
1810 3458 1914 3512 interest

1133 3547 1149 3591 a
1185 3549 1220 3590 uo
1233 3533 1375 3605 exigetur,
1393 3530 1460 3588 dum
1476 3537 1572 3587 lamen
1585 3529 1751 3589 absolvendi
1767 3527 1912 3585 laenitatem

1133 3549 1246 3672 habeat,
1263 3610 1293 3660 ut
1305 3609 1384 3660 nolet
1397 3602 1506 3659 Alanus
1521 3601 1556 3684 ad
1570 3600 1677 3659 dictum
1698 3615 1760 3674 cap.
1776 3612 1856 3681 quum
1873 3595 1912 3649 de·

1131 3676 1246 3744 staceos,
1267 3674 1298 3729 in
1324 3674 1421 3743 prima
1455 3673 1602 3742 Compital.
1634 3673 1732 3731 Altera
1758 3677 1833 3753 ratio,
1857 3679 1911 3737 aute

1132 3752 1228 3802 movet
1252 3745 1407 3801 Honorium
1428 3742 1463 3800 sd
1487 3741 1683 3816 recipiendam
1707 3747 1911 3816 promissionem

1132 3816 1222 3873 solam
1253 3813 1562 3871 excommunicatorum
1591 3814 1655 3870 sine
1682 3815 1850 3887 iuramento,
1878 3811 1914 3862 est

1132 3886 1301 3959 pervicacia,
1324 3893 1353 3942 et
1376 3885 1509 3958 proclivis
1533 3885 1698 3944 Graecorum
1722 3885 1831 3942 animus
1853 3875 1913 3934 det·

1131 3957 1226 4015 ciendi
1242 3956 1277 4012 ab
1292 3956 1419 4014 Ecclesia
1436 3958 1577 4013 Romana.
1871 4019 1876 4032 ¹

1168 4026 1210 4101 (it)
1241 4027 1413 4086 tlaiiaaloin.
1439 4026 1661 4084 promissionem
1683 4023 1790 4083 nudam
1811 4029 1838 4079 et
1856 4031 1916 4076 siin·

1151 4099 1234 4160 licem
1248 4097 1390 4170 iutelligit,
1407 4112 1470 4169 quae
1487 4111 1545 4154 non
1561 4097 1725 4169 juramento
1746 4094 1915 4174 himaldum

1131 4116 1167 4228 Ie
1181 4169 1342 4228 ohedientia
1359 4167 1483 4225 manuali
1495 4181 1580 4240 supra
1592 4167 1622 4224 in
1637 4182 1703 4240 cap.
1716 4163 1916 4290 lacrimat,

1131 4247 1156 4300 el
1179 4243 1265 4310 olet,
1283 4239 1318 4297 sd
1337 4238 1527 4296 differentiam
1547 4239 1702 4311 juramenti
1722 4237 1797 4312 quod
1837 4241 1857 4316 it
1875 4244 1918 4302 per

1131 4329 1260 4380 manum,
1287 4326 1383 4383 supin,
1407 4311 1440 4366 de
1458 4315 1574 4380 purgat.
1600 4313 1794 4392 caimii.'Quae
1814 4301 1918 4378 quidem

1132 4385 1280 4457 promissio
1294 4381 1434 4440 manualis
1446 4380 1547 4437 similis
1558 4387 1601 4436 est
1616 4380 1692 4452 apud
1700 4375 1918 4454 jurisconsultos,

1131 4455 1207 4514 nudo
1221 4461 1313 4528 pacta,
1326 4451 1401 4526 quiid
1415 4466 1470 4508 nan
1485 4451 1557 4523 parit
1571 4451 1724 4520 actionem,
1739 4450 1790 4508 sad
1804 4449 1855 4504 hoc
1863 4456 1919 4524 iure

1130 4534 1239 4594 contra,
1260 4527 1289 4582 in
1303 4540 1358 4598 quo
1374 4539 1476 4580 manus
1495 4522 1583 4579 solius
1607 4521 1729 4594 adjectio
1750 4520 1833 4578 tidem
1849 4517 1918 4582 iacit,

1151 4613 1181 4654 er
1196 4611 1281 4670 atiani
1296 4602 1478 4651 consecratur
1492 4608 1595 4666 cerpus
1610 4592 1724 4663 Christi,
1737 4599 1768 4650 ut
1782 4592 1920 4673 eleganter

1131 4613 1232 4726 Eicitur
1248 4669 1276 4724 in
1291 4679 1355 4722 caii.
1371 4665 1396 4722 si
1410 4666 1473 4736 qais
1487 4665 1513 4732 t,
1537 4681 1564 4736 q.
1586 4663 1612 4720 5.
1637 4665 1711 4722 Nam
1736 4672 1764 4722 et
1780 4663 1848 4745 alirn
1866 4655 1920 4714 sola

1131 4753 1234 4796 manus
1257 4739 1442 4793 contrectatio
1459 4735 1613 4808 juramenti
1639 4734 1724 4792 fidem
1740 4733 1867 4815 iaciebat,
1894 4729 1921 4851 ut

1131 4803 1919 4953 lithlulllllhgltll,lilithlhlltd

1131 4959 1175 5008 tur
1193 4949 1266 5022 apud
1281 4949 1408 5006 Tacitum
1423 4949 1450 5016 9,
1472 4949 1578 5004 ‚tranat
1603 4947 1683 5006 Unde
1698 4949 1762 5005 talis
1777 4951 1922 5024 promissio

1131 5029 1248 5078 vocatur
1265 5017 1488 5092 itiaaafimnalia,
1505 5033 1568 5092 cap.
1586 5019 1648 5088 til,
1667 5017 1715 5076 lib.
1739 5021 1781 5076 ΙΙΙ
1803 5011 1920 5143 Cetioilnt.

1133 5093 1229 5150 Caroli
1250 5091 1289 5150 n.
1306 5090 1459 5148 Promissio
1483 5091 1515 5148 sit
1542 5104 1630 5148 inanu
1653 5087 1753 5147 dextra
1777 5103 1832 5160 apu
1871 5085 1920 5140 tu-

1131 5177 1256 5222 cauum:

1271 5232 1423 5303 Elatasque
1435 5232 1492 5289 alle
1503 5233 1658 5303 promisere
1671 5246 1784 5288 manus.

1165 5306 1190 5364 N
1193 5319 1237 5362 am
1248 5302 1446 5362 attollebantur
1456 5318 1568 5372 manus,
1581 5305 1671 5360 and.
1682 5302 1870 5371 bethleemis.
1882 5293 1920 5359 lt,

1130 5385 1158 5434 et
1176 5393 1190 5433 a
1214 5374 1251 5433 ud
1269 5377 1394 5442 Festum,
1411 5374 1485 5447 quod
1499 5375 1606 5432 notevil
1623 5373 1755 5448 chscins
1775 5371 1821 5428 ad.
1845 5369 1863 5426 l.
1882 5365 1921 5428 lh.

1130 5449 1172 5516 (1.,
1184 5393 1216 5504 (Ie
1230 5446 1360 5510 eoiilrati,
1373 5451 1398 5502 el
1411 5447 1544 5526 commill.
1561 5445 1659 5516 stipat.

1167 5518 1207 5592 (2)
1229 5515 1416 5599 Constitulien
1428 5513 1773 5644 imperiale'uffant'lorce
1788 5519 1817 5570 el
1831 5511 1923 5596 saleni

279 5588 327 5659 iiiii
338 5589 508 5646 senteutiam
525 5589 650 5662 protulit,
670 5605 734 5662 cap.
757 5606 858 5662 nuper,
871 5591 948 5660 eod,
969 5593 1013 5649 vei
1029 5591 1076 5650 sb·
1129 5587 1506 5672 concordatairemommeil
1523 5595 1592 5645 aete
1608 5595 1646 5671 ‘lt
1660 5587 1795 5660 dempsi·
1806 5590 1878 5642 suite
1891 5579 1923 5636 de

279 5659 433 5718 solventis:
448 5658 589 5732 quodnon
602 5661 709 5719 essede
719 5661 876 5720 substantia
888 5663 1076 5721 aliselutionis
1128 5661 1285 5721 l’insertion
1300 5659 1372 5718 dans
1387 5659 1413 5716 le
1426 5657 1500 5720 droit
1512 5673 1682 5733 canemque.

279 5728 402 5788 latentur
430 5745 546 5804 omnem
574 5733 639 5805 quin
666 5732 775 5792 scilicet
799 5734 855 5790 talc
881 5734 1074 5806 insanientum
