3978 6290
901 378 1077 442 HONORII
1100 381 1145 441 111
1167 381 1304 442 OPERA

455 599 622 672 Episcopo
643 600 820 660 Ebrotcen.
843 597 892 680 (a)

565 782 700 845 CAPUT
724 785 784 844 III.

318 929 465 993 innotuit
479 931 574 994 nohis
594 936 631 994 P.
656 935 695 996 de
716 935 875 997 Sameriis
891 936 976 999 laico
990 935 1073 998 inti-

276 1027 397 1099 mante,
415 1028 500 1105 quod
527 1045 627 1108 quum
647 1035 684 1094 G.
706 1031 746 1094 de
765 1035 849 1095 Heia
865 1049 961 1111 quem
976 1033 1071 1098 bonae

276 1125 444 1186 memoriae
455 1128 503 1200 L.,
516 1129 741 1205 praedecessor
753 1133 839 1204 tuus,
856 1149 915 1210 pro
930 1147 969 1194 eo
985 1132 1070 1210 quod

275 1221 349 1297 post
376 1227 565 1303 susceptum
591 1227 847 1292 subdiaconatus
862 1229 1007 1291 oiilcium
1031 1229 1071 1292 de

275 1316 362 1380 lacto
388 1336 463 1383 cum
493 1324 635 1402 quadarn
663 1325 804 1388 muliere
829 1327 1008 1400 contraxit,
1039 1327 1072 1390 et

275 1415 361 1478 sicut
377 1416 481 1482 laicus
496 1421 707 1486 cohabitabat
725 1425 842 1497 eidem,
858 1423 992 1487 vinculo
1011 1439 1072 1486 ex-

275 1515 584 1580 communicationis
619 1521 789 1595 astrinxit,
828 1523 936 1600 ipsum
971 1536 1072 1599 super

275 1611 417 1686 quadam
443 1614 626 1680 hereditate
651 1634 763 1681 coram
785 1619 939 1682 saeculari
958 1619 1071 1698 jndice

275 1710 483 1788 conveniret3
509 1713 580 1791 ipse
598 1717 712 1778 contra
727 1717 821 1778 illurn
836 1717 922 1795 quod
937 1733 1072 1780 excom·

274 1808 461 1871 municatus
485 1813 573 1874 esset
596 1815 628 1875 et
654 1815 740 1892 quod
762 1815 793 1876 el
817 1831 884 1878 non
902 1815 1071 1877 teneretur

274 1905 474 1981 respondere
496 1911 627 1988 excepit
644 1933 651 1972 z
668 1913 701 1974 et
720 1928 819 1989 quum
841 1912 948 1976 dictus
965 1912 1071 1990 judex

273 2003 409 2078 paratus
432 2008 520 2068 esset
540 2007 731 2086 hujusmodi
761 2010 991 2088 exceptionem
1011 2009 1072 2070 ad-

273 2100 415 2174 mittere,
437 2103 526 2164 siah
546 2104 618 2182 ipso
640 2106 725 2169 laico
747 2106 953 2184 probaretur,
971 2122 1070 2184 super

274 2195 337 2259 hoc
360 2199 401 2259 ad
423 2201 455 2262 te
479 2201 632 2265 habuerit
654 2203 760 2265 laicus
778 2204 849 2282 ipse
868 2220 1068 2266 recursum:

274 2293 333 2356 sed
356 2297 393 2358 tu
418 2297 550 2360 eiicere
575 2301 611 2362 ut
633 2301 740 2363 dictus
765 2302 1070 2364 excommunicatus

274 2392 375 2454 vitari
398 2393 547 2471 deberet,
570 2399 667 2476 prout
692 2399 779 2460 idem
803 2399 909 2461 laicus
938 2400 1068 2472 asserit,

273 2490 420 2553 noluisti.
447 2495 552 2566 Quum
576 2496 696 2569 autern,
722 2495 809 2560 sicut
831 2493 879 2578 (h)
903 2498 939 2558 in
965 2497 1070 2558 sacris

273 2587 413 2650 hahetur
427 2591 619 2666 canonibus,
637 2595 783 2672 episcopi
802 2596 1071 2658 excommunica-

271 2686 380 2748 torum
391 2689 537 2751 omnium
552 2692 763 2754 nominatam
774 2692 893 2755 vicinis
905 2693 1069 2771 episcopis

272 2799 369 2860 quam
403 2785 472 2847 suis
505 2788 716 2864 parochianis
744 2790 893 2852 indicare
917 2790 1067 2864 debeant,

272 2895 378 2958 eaque
401 2882 437 2944 in
461 2885 584 2947 celebri
613 2887 687 2949 loco
715 2888 823 2964 posita
849 2903 918 2965 prae
944 2888 1070 2950 loribus

272 2978 423 3040 ecclesiae
456 2983 583 3044 cunctis
602 2983 873 3046 convenientibus
887 2985 1068 3053 inculcare.

273 3075 310 3138 ut
343 3079 638 3142 excommunicatis
677 3081 923 3144 ecclesiasticus
962 3082 1069 3145 aditus

272 3173 496 3250 praecludatur
518 3176 649 3255 ubique,
666 3194 705 3240 ac
720 3179 945 3241 excusationis
969 3195 1069 3242 causa

272 3270 425 3332 omnibus
436 3272 615 3348 auferatur,
625 3274 648 3336 f.
657 3276 681 3336 t.
691 3277 898 3350 mandamus
909 3278 1069 3354 quatenus

272 3367 303 3430 si
315 3367 472 3446 praelatus
491 3371 716 3448 praedecessor
730 3375 805 3436 tuus
822 3390 866 3436 ex
880 3375 1069 3452 hujusmodi

272 3481 373 3530 causa
395 3467 632 3533 subdiaconum
654 3472 954 3535 excommunicavit
976 3489 1071 3536 eum-

271 3564 358 3640 dem,
379 3567 530 3645 petitloni
553 3585 654 3648 super
674 3569 738 3650 hoc
760 3585 889 3632 annuas
904 3569 983 3633 laici
999 3587 1069 3632 me-

272 3664 404 3725 morati.

271 3875 536 3952 Archtdtacono,
557 3880 658 3942 trans
677 3884 848 3958 bipertiri,
875 3885 1013 3958 offlchut
1035 3886 1070 3947 et

422 3978 454 4037 J.
469 3979 597 4041 Boretlt
608 3981 772 4046 canonico
788 3985 913 4044 Toron.
996 4012 1003 4032 ι

563 4185 700 4249 CAPUT
715 4188 769 4250 IV.

308 4335 429 4398 Dilectl
449 4337 510 4398 nlii
535 4339 567 4399 S.
585 4339 623 4400 P.
640 4354 680 4402 ac
700 4341 737 4401 c.
767 4337 814 4420 (c)
830 4299 983 4403 canonici
1008 4357 1066 4403 ec-

1870 381 1932 440 218

1127 540 1239 601 cleslae
1266 541 1396 601 Sancte
1415 538 1529 600 Marias
1556 539 1701 602 Gratiae.
1722 541 1932 602 transmissa

1127 637 1223 699 nobis
1250 638 1411 714 petitione
1438 640 1685 709 monstrarunt,
1711 638 1798 716 quod
1823 655 1932 716 quum

1126 736 1170 796 M.
1185 733 1368 796 canonicus
1384 733 1535 813 ejusdem
1553 733 1718 806 ecclesiae,
1739 735 1930 795 bituricen.

1127 832 1293 902 dioecesis,
1309 832 1402 910 ipsos
1418 847 1530 894 coram
1546 832 1685 903 decano,
1708 835 1741 894 et
1760 833 1931 909 magistro

1127 931 1257 993 Herveo
1272 930 1435 992 canonico
1447 930 1703 993 Altissiodoren.
1725 930 1896 1008 delegatis
1912 947 1933 992 a

1127 1027 1223 1090 nobis
1243 1027 1407 1090 traxisset
1426 1027 1463 1090 in
1485 1043 1633 1101 causam,
1657 1043 1759 1106 super
1779 1027 1931 1106 eoquod

1127 1141 1163 1187 se
1180 1126 1352 1203 opponunt
1367 1125 1524 1188 electioni
1539 1142 1559 1188 a
1574 1126 1773 1204 quibusdam
1788 1127 1932 1188 canoni·

1127 1223 1175 1284 cis
1193 1222 1338 1286 Gratiae.
1360 1222 1455 1285 factae
1476 1222 1517 1284 de
1541 1223 1671 1300 ipsein
1691 1224 1848 1301 priorem.
1867 1240 1930 1285 ec-

1126 1320 1240 1382 clesiae
1260 1320 1478 1398 supradictae,
1499 1323 1533 1383 et
1553 1320 1653 1383 iidem
1677 1322 1932 1398 proposuerunt

1126 1433 1239 1480 coram
1263 1418 1412 1495 praelatis
1429 1417 1615 1495 jndicibus,
1637 1419 1723 1496 quod
1744 1420 1856 1482 dictus
1879 1422 1925 1480 M.

1124 1515 1929 1593 nondehebataudiri,eoquodexcommunicatus

1126 1617 1210 1687 erat,
1221 1615 1254 1676 et
1269 1614 1408 1691 perjurii
1421 1615 1562 1677 crimine
1573 1615 1735 1677 irretitus.
1749 1618 1928 1692 Quumque

1126 1711 1234 1774 dictus
1252 1714 1295 1774 M.
1313 1710 1464 1788 praefatis
1479 1715 1516 1774 G.
1533 1728 1574 1775 ac
1588 1715 1625 1773 P.
1642 1713 1824 1789 perJ'urium
1843 1717 1881 1774 et
1892 1715 1926 1773 S.

1126 1809 1504 1872 excommunicationem
1523 1810 1560 1871 in
1575 1811 1707 1872 modum
1722 1810 1927 1887 replicatio-

1125 1907 1179 1968 nis
1195 1907 1367 1985 objiciens,
1392 1924 1451 1984 per
1466 1908 1529 1970 hoe
1548 1923 1664 1969 eorum
1687 1909 1927 1986 exceptionem

1126 2005 1252 2068 elidere
1267 2006 1443 2078 niteretur,
1460 2007 1658 2082 procurator
1672 2021 1786 2068 eorum
1802 2021 1927 2082 propo-

1126 2102 1205 2176 suit,
1221 2103 1403 2180 quodlicet
1418 2103 1549 2181 judices
1565 2102 1704 2180 praelato
1721 2105 1766 2164 M.
1785 2103 1827 2164 ad
1846 2119 1929 2180 pro-

1124 2198 1268 2262 bandam
1283 2200 1537 2278 replicationem
1558 2215 1652 2262 suam
1672 2201 1856 2263 terminum
1873 2217 1930 2263 as-

1125 2297 1327 2374 signassent,
1354 2301 1427 2376 ejus
1453 2302 1566 2361 tamen
1596 2315 1698 2377 super
1722 2299 1786 2360 hoc
1814 2299 1925 2376 recipi

1126 2394 1277 2471 probatio
1297 2412 1364 2458 non
1384 2396 1539 2472 debebat;
1563 2391 1640 2474 quia
1656 2397 1788 2459 etiamsi
1809 2396 1928 2474 obJec-

1124 2493 1194 2554 tum
1209 2493 1357 2569 praelatis
1377 2495 1549 2556 canonicis
1562 2495 1747 2572 perJurium
1762 2493 1923 2570 probare-

1124 2594 1190 2664 tur,
1207 2605 1274 2652 non
1289 2594 1403 2654 essent
1415 2594 1527 2654 tamen
1542 2592 1750 2669 propterlroc
1765 2608 1786 2654 a
1799 2591 1924 2653 delen-

1125 2688 1220 2750 sione
1235 2704 1304 2750 suae
1312 2689 1464 2751 ecclesiae
1475 2689 1670 2766 repellendi.
1680 2689 1728 2749 Ad
1729 2689 1812 2767 jecit
1822 2689 1927 2751 etiam

1124 2785 1210 2862 quod
1231 2790 1348 2849 contra
1371 2787 1748 2849 excommunicationem
1763 2787 1855 2848 dicto
1881 2789 1926 2847 M.

1124 2883 1159 2944 in
1172 2884 1305 2946 modurn
1320 2884 1528 2961 exceptionis
1544 2883 1719 2962 objectam,
1735 2900 1928 2946 excommu-

1124 2981 1247 3042 nicatio
1276 2981 1459 3059 supradicti
1468 2984 1506 3062 ¹S.
1533 2981 1690 3058 replicari
1706 2997 1772 3043 non
1790 2983 1925 3060 poterat

1124 3063 1198 3138 cum
1223 3078 1357 3155 effectu3
1378 3081 1450 3141 tum
1484 3078 1563 3157 quia
1599 3095 1668 3140 suae
1695 3079 1922 3141 absolutionis

1124 3175 1253 3238 litteras
1271 3176 1484 3251 ostendebat,
1500 3179 1571 3238 tum
1592 3177 1670 3254 quia
1690 3177 1843 3254 exceptio
1861 3177 1927 3254 ipsi

1124 3274 1168 3334 M.
1185 3274 1335 3350 opposita
1352 3275 1504 3336 eumdem
1523 3274 1663 3352 probata
1678 3275 1860 3352 repelleret
1886 3273 1926 3336 ab

1124 3370 1264 3446 agendo.
1304 3373 1490 3450 Replicatis
1526 3388 1606 3435 vero
1639 3373 1855 3450 saepedictum
1892 3375 1923 3434 S.

1124 3484 1333 3547 nequaquam
1367 3486 1387 3532 a
1418 3469 1627 3532 defendendo
1660 3470 1861 3547 repelleret,
1898 3469 1925 3530 si

1124 3566 1224 3628 etiam
1236 3567 1446 3643 probaretur.
1455 3571 1565 3640 Quare
1577 3568 1720 3645 petebat,
1738 3570 1775 3630 ut
1789 3567 1926 3629 omissis

1077 3687 1081 3696 ¹
1124 3662 1315 3739 hujusmodi
1343 3665 1574 3742 replicationis
1596 3664 1861 3742 probationibus,
1891 3664 1925 3726 in

1123 3761 1243 3836 quibus
1278 3762 1379 3823 ctiam
1418 3762 1448 3823 si
1485 3762 1721 3839 probarentur,
1758 3761 1854 3824 labor
1892 3764 1927 3822 ut

1124 3860 1364 3934 praeostensum
1379 3860 1429 3921 est
1443 3862 1696 3923 consumeretur
1712 3860 1837 3933 inanis
1850 3877 1926 3937 pro·

1123 3955 1275 4018 bationes
1303 3957 1493 4034 reciperent
1523 3974 1606 4035 quas
1642 3959 1682 4022 ad
1715 3958 1923 4036 probandum

1124 4053 1252 4131 objecta
1286 4053 1352 4132 ipsi
1380 4057 1424 4116 M.
1465 4055 1625 4118 ducerent
1659 4055 1922 4132 producendas:

1122 4151 1188 4228 ipsi
1208 4167 1288 4212 vero
1304 4151 1437 4228 judices
1458 4151 1651 4214 interlocuti
1675 4152 1819 4226 luerunt,
1836 4154 1924 4232 quod

1122 4249 1215 4327 prius
1235 4248 1450 4325 probationes
1474 4250 1661 4327 reciperent
1678 4267 1759 4328 quas
1776 4251 1816 4312 ad
1840 4268 1922 4329 pro-

1122 4346 1266 4408 bandum
1292 4345 1505 4424 saepedictam
1524 4347 1773 4424 replicationem
1793 4349 1922 4426 produ-

291 4619 346 4702 ο(α)
370 4621 504 4705 Ερὶεοοιο
524 4622 697 4707 libanensi.
717 4625 844 4694 nereca,
861 4623 1009 4707 ltodulpho
1031 4626 1067 4685 de
1122 4637 1153 4688 ut
1166 4627 1250 4688 doctri
1265 4647 1300 4689 ex
1317 4634 1351 4690 ll.
1365 4632 1505 4706 Cypriane
1519 4631 1599 4703 epist.
1614 4631 1649 4688 ltl
1662 4638 1691 4689 et
1706 4633 1769 4690 aliis
1790 4633 1873 4703 locis,
1888 4633 1923 4692 ed

268 4689 366 4756 Crette,
382 4692 436 4760 vel,
477 4707 549 4750 rerre
583 4694 777 4777 ileprscopo,
798 4702 846 4753 sut
863 4696 1003 4755 Richards
1021 4697 1065 4769 28,
1122 4701 1246 4758 titul.Dc
1260 4703 1328 4760 cler.
1346 4717 1520 4760 excommun.
1535 4702 1608 4776 apud
1625 4702 1744 4777 Gregor.
1756 4706 1922 4778 Supprime-

267 4759 317 4884 gui
336 4759 470 4843 sederunt
484 4761 537 4846 suh
549 4707 677 4821 notione
692 4767 751 4835 lll;
764 4764 815 4822 sed
837 4767 931 4850 ¹verius
946 4775 989 4826 est
1010 4769 1064 4827 Ro·
1122 4769 1203 4827 batur
1223 4785 1327 4828 nomeu
1349 4773 1675 4844 excommunicatorum,
1696 4782 1728 4832 ut
1748 4790 1784 4832 eo
1809 4775 1924 4834 silentio

289 4829 375 4908 ulpho
400 4829 487 4890 luisse
511 4832 649 4890 directum
678 4834 733 4892 hoc
761 4845 944 4920 rescrrptum,
970 4845 1067 4911 utpote
1122 4849 1356 4914 agnoscerentur,
1383 4844 1421 4900 sit
1444 4846 1478 4901 Ι).
1511 4844 1664 4918 Angustia.
1692 4846 1773 4916 epist.
1804 4846 1872 4914 128,
1896 4855 1922 4904 et

267 4912 350 4980 cuyus
361 4901 601 4984 predecessorem
623 4904 728 4960 Lucam
752 4903 800 4981 luc
820 4917 949 4990 nominet
968 4911 1066 4968 Hono·
1122 4911 1197 4983 quod
1212 4911 1336 4968 maxime
1351 4910 1418 4970 lacit
1432 4914 1468 4971 ed
1483 4913 1559 4972 hunc
1574 4917 1678 4983 locum,
1695 4925 1725 4973 ut
1740 4915 1775 4973 eh
1790 4917 1924 4974 omnihus

268 4983 338 5039 nus,
354 4985 402 5042 qur
418 4969 469 5028 lurt
483 4973 681 5046 inepiscopis
693 4975 887 5036 Ebrorceusrs.
1121 4983 1360 5040 excommunicati
1380 4985 1545 5054 vitarentur,
1565 4987 1706 5043 sententia
1725 4987 1837 5060 publice
1856 5003 1922 5060 pro-

305 5064 345 5140 (ὁ)
374 5067 409 5126 ln
434 5069 526 5126 sacris
551 5070 713 5128 canonibus.
740 5074 781 5129 lle
811 5075 1068 5134 excommunicatis
1122 5051 1349 5136 mulgfflffit'tm
1368 5054 1499 5123 ³⁰⁰¹⁰⁸i⁸r
1519 5063 1606 5138 “llufl
1625 5057 1712 5138 etiam
1733 5059 1763 5115 ¹¹¹
1784 5060 1876 5116 “⁸4¹⁸
1892 5067 1924 5142 'et

266 5137 379 5196 clericis
403 5137 439 5196 ab
462 5140 589 5198 Ecclesia
611 5140 795 5200 excludendis
821 5157 886 5202 cen.
912 5145 939 5214 9,
964 5147 1067 5219 synodi
1121 5123 1192 5180 '⁰⁰¹⁸
1206 5121 1340 5206 Plbhssssa
1357 5131 1388 5181 ¹¹¹
1412 5139 1448 5182 ‘³¹
1469 5126 1602 5196 3⁰³0b¹⁰³
1619 5127 1793 5200 N¹⁰⁰ph⁰f⁰r
1809 5137 1837 5187 ⁰¹
1860 5129 1923 5186 ”¹¹¹⁸

267 5210 446 5280 Neoooesah,
462 5219 569 5268 omn·
589 5213 614 5280 1,
630 5211 732 5296 synodi
746 5213 879 5274 Antiooh·
904 5215 942 5273 im
966 5225 997 5275 m
1022 5232 1068 5274 ex,
1122 5191 1239 5265 probavi
1263 5192 1299 5250 ed
1322 5195 1393 5252 titul.
1415 5197 1457 5253 De
1482 5201 1553 5254 cent.
1577 5213 1750 5256 mmmaran.
1774 5201 1816 5258 lta
1839 5199 1924 5258 tiebat

268 5287 349 5338 terno
375 5282 460 5340 etiam
482 5280 589 5339 honore
613 5289 763 5355 priventur,
784 5299 827 5354 τῆς
843 5293 919 5351 trouu
935 5302 1013 5360 τιμῆς,
1037 5297 1068 5346 ut
1123 5263 1197 5335 ³9⁰⁶
1226 5263 1430 5348 Amenieflsfssr
1446 5274 1486 5348 ,¹¹¹
1508 5281 1608 5326 ⁰⁰³¹¹¹¹¹
1637 5269 1684 5352 (ΙΨ
1714 5270 1750 5327 ³¹)
1769 5271 1924 5343 ⁸¹⁰⁰P⁸g⁰

268 5351 346 5410 addit
361 5353 501 5418 Balaam,
516 5361 573 5412 cers
584 5361 632 5426 γὰρ
644 5361 770 5428 uceticae,
780 5365 957 5424 „mmm
967 5367 1068 5426 ἀξιωθή,
1123 5333 1290 5417 arcebantur
1314 5349 1429 5394 nomrna
1445 5351 1474 5392 m
1490 5335 1588 5397 charta
1610 5338 1813 5411 scriberentur,
1826 5349 1857 5399 et
1869 5341 1924 5400 hoc

268 5449 372 5493 eostur,
394 5432 452 5505 orlac
477 5425 528 5494 p‘r¹
545 5431 628 5498 ἑτέρου
655 5433 799 5506 προνομίαν.
815 5436 947 5508 ἱερατικοῦ.
965 5427 997 5485 Id
1012 5437 1066 5491 est,
1122 5403 1279 5473 dmebmffl'i
1306 5415 1527 5480 ὶκφυλλοφορήσω·

267 5509 438 5566 acquestum
452 5451 695 5575 cathedramque
709 5496 1068 5580 oocutrsoutouoredtyui
1159 5501 1185 5574 (c
1211 5502 1346 5558 Cononici
1367 5504 1394 5559 S.
1415 5504 1517 5561 Morio
1538 5505 1738 5566 Grctrccensis.
1762 5509 1798 5568 Ca
1821 5509 1922 5567 itulnm

267 5565 452 5635 habebuntur,
466 5564 512 5620 sed
526 5578 574 5622 cce
587 5562 646 5620 clm
665 5564 1015 5648 socerdctoltpriorteotm
1033 5583 1067 5625 err
1123 5572 1155 5627 B.
1210 5572 1277 5628 arie
1299 5571 1336 5630 dc
1362 5573 1503 5643 Gratiano,
1532 5576 1719 5636 Nalm-Deme
1739 5580 1772 5636 de
1798 5525 1922 5655 grupny,

268 5651 324 5710 quo
339 5644 404 5694 nota
420 5649 521 5718 vocem
534 5643 653 5716 eiectae,
666 5629 693 5690 rd
704 5640 926 5719 estoocotromsr
940 5638 1069 5696 solebant
1123 5641 1239 5700 dioeces.
1249 5642 1441 5710 bituricensis,
1454 5643 1583 5716 pendete
1598 5649 1723 5720 capitulo
1733 5651 1922 5720 veritatemi,

268 5708 383 5765 enimin
401 5707 521 5766 ecclesia
534 5719 650 5763 nornine
667 5705 834 5762 clericorum
851 5707 962 5778 publice
974 5709 1067 5766 olierri
1123 5712 1155 5767 dc
1170 5713 1272 5782 Voton,
1289 5713 1341 5771 sub
1356 5714 1632 5789 archipresbyteratu
1650 5717 1685 5777 dc
1697 5723 1841 5780 Gratiaco.
