4004 6302
300 312 359 376 663
765 309 941 373 HONORII
962 311 1008 372 111
1030 311 1177 373 OPERA.
1197 341 1235 356 ···
1251 312 1484 376 SnRHoan.
1886 312 1950 374 064

296 470 395 548 juxta
408 469 571 534 loannem
587 493 595 532 :
609 468 753 532 Verbum
768 471 856 534 enim
873 485 951 534 οπο
970 470 1092 534 lactum
1187 471 1400 549 Quadruplici
1407 485 1530 535 corona
1538 469 1660 548 legitur
1668 471 1835 544 Salomon,
1846 469 1947 544 idest,

301 568 361 638 est,
376 571 464 632 Deus
477 570 680 642 incarnatus,
706 569 802 642 idest,
827 571 915 632 Deus
934 571 967 631 et
981 570 1091 639 homo,
1146 569 1303 647 pacificus
1332 571 1528 644 coronatns;
1564 573 1597 630 θῖ
1631 568 1795 646 significat
1828 571 1947 631 Jesum

301 666 358 742 qui
373 665 479 728 iactus
501 667 551 728 est
572 667 757 730 exsemine
783 667 888 729 David
912 667 1091 730 secundum
1147 667 1437 734 Christumverum
1451 667 1949 730 salvatoremcoronaviteum

301 773 446 822 carnem.
1146 767 1252 827 mater
1275 781 1347 839 sua,
1370 767 1465 840 idest,
1490 766 1650 839 Ecclesia,
1666 781 1788 828 corona
1809 767 1949 828 miseri-

341 859 489 929 Quatucr
517 860 607 922 enim
635 877 679 923 ex
713 862 823 924 causis
848 862 985 928 verbum
1013 880 1091 926 caro
1147 863 1288 938 cordiae3
1305 863 1387 926 etin
1407 863 1948 940 hacmirabilis300ronaviteum

300 951 513 1018 factumest:
531 958 573 1019 Ut
588 959 745 1037 superbos
760 960 967 1036 humiliaret·
982 964 1019 1025 ut
1031 961 1093 1023 ini·
1146 976 1300 1034 noverca,
1316 960 1412 1035 idest,
1432 964 1619 1040 synagoga,
1636 975 1758 1024 corona
1772 960 1920 1024 miseriae
1936 984 1946 1037 ς

300 1051 403 1113 mices
428 1055 674 1134 reconciliaret;
698 1058 734 1120 ut
761 1075 876 1121 servos
898 1059 1090 1136 redimeret3
1146 1057 1178 1120 et
1205 1058 1241 1119 in
1272 1059 1336 1120 hac
1366 1058 1644 1136 contemptibilis,
1665 1057 1837 1121 coronabit
1866 1073 1949 1120 eum

300 1147 336 1208 ut
352 1148 477 1211 amicos
493 1150 646 1214 nutriret.
663 1154 743 1214 Cum
757 1153 846 1215 enim
860 1155 896 1216 in
914 1155 1020 1218 forma
1032 1156 1093 1218 Dei
1146 1155 1274 1217 familia
1296 1171 1357 1217 sua
1378 1171 1500 1218 corona
1511 1156 1662 1234 justitiae,
1680 1156 1716 1218 in
1731 1155 1785 1218 die
1797 1156 1951 1219 ventila-

300 1243 484 1317 essetnec
503 1252 866 1321 roptnemardttratus
889 1254 1033 1316 estesse
1054 1269 1092 1316 se
1146 1252 1246 1315 tionis
1261 1253 1438 1329 extremm
1455 1253 1536 1316 etin
1555 1253 1619 1314 hac
1642 1253 1820 1330 terribilis3
1845 1269 1951 1316 coro-

300 1349 467 1417 oequotem
502 1349 591 1420 Deo;
618 1352 679 1410 sed
707 1351 929 1425 senrettpsum
963 1356 1091 1414 eatete—
1146 1349 1239 1412 nabit
1259 1365 1335 1412 eum
1355 1351 1550 1414 Patersuus
1566 1366 1689 1415 corona
1709 1351 1843 1428 glorie;
1860 1349 1950 1413 etin

299 1441 399 1511 olvit,
419 1443 571 1514 sormam
591 1449 687 1505 serat
707 1451 887 1522 accipiens,
913 1452 949 1511 tn
969 1453 1093 1513 sinedi·
1145 1446 1209 1508 hac
1234 1447 1486 1524 desiderabilis,
1502 1448 1706 1524 videntergo
1720 1463 1795 1510 eum
1817 1463 1949 1526 pecca-

301 1536 454 1598 tudtnem
468 1543 644 1603 homirnum
653 1545 777 1617 lacteos,
792 1547 825 1607 et
836 1548 952 1609 dedite
965 1550 1091 1610 invem·
1144 1546 1234 1607 tores
1258 1545 1294 1607 in
1314 1560 1436 1607 corona
1455 1546 1611 1618 miseriae,
1635 1546 1729 1624 idest,
1755 1545 1947 1622 spinarum,

301 1634 356 1694 tus
372 1634 411 1694 ut
424 1638 534 1698 homo.
550 1636 684 1718 (Philip.
701 1657 738 1714 11,
754 1645 784 1716 6,
800 1641 846 1723 7.)
862 1644 901 1706 nt
921 1646 998 1706 nota
1014 1646 1091 1724 quia
1146 1642 1179 1704 et
1199 1643 1474 1720 compunguntur.
1495 1642 1616 1706 Vident
1638 1659 1712 1704 eum
1732 1642 1826 1705 Filiae
1847 1643 1945 1715 Sion,

299 1729 405 1792 lactor
419 1734 534 1794 mundi
546 1734 652 1798 lactus
672 1739 722 1801 est
740 1740 775 1800 in
799 1741 921 1804 mundo
934 1764 941 1818 ;
956 1745 1092 1807 Creator
1145 1739 1240 1812 idest,
1257 1739 1446 1802 affectuosae
1459 1741 1589 1814 animae,
1608 1741 1642 1803 in
1657 1755 1781 1802 corona
1795 1740 1949 1802 miseriae

299 1828 375 1888 coeli
396 1831 527 1894 creatus
546 1834 597 1895 θεῖ
620 1835 680 1896 sub
705 1837 806 1914 coelo;
832 1839 1092 1902 Plasmatorho-
1146 1837 1179 1899 et
1201 1836 1384 1900 imitantur.
1411 1838 1576 1900 Videbunt
1599 1838 1694 1916 impii
1716 1838 1749 1901 et
1774 1838 1946 1916 peribunt.

298 1924 409 1999 minis,
425 1926 525 1992 homo
545 1947 618 1993 esse
644 1933 798 2009 dignatus
822 1937 883 2010 est,
911 1937 1017 2000 iactus
1035 1939 1091 2016 qui
1145 1935 1311 1997 Videbunt
1325 1936 1438 1998 Sancti
1449 1936 1485 1997 in
1500 1952 1624 1999 corona
1636 1936 1762 2012 gloriae,
1775 1937 1807 1998 et
1822 1951 1950 2013 perpe-

299 2019 424 2086 lecerat
452 2042 494 2087 ne
512 2030 637 2104 periret
658 2047 755 2109 quem
780 2027 915 2096 lecerat.
944 2036 1010 2098 Iste
1041 2037 1092 2100 est
1146 2032 1280 2094 tualiter
1293 2033 1491 2110 gaudebunt.
1507 2033 1712 2110 Egredimini
1732 2033 1827 2096 Filiae
1848 2034 1945 2106 Sion,

298 2121 446 2196 Angelus
472 2127 584 2200 magni
615 2129 757 2203 consilii,
785 2132 1034 2210 sicutlegimus
1055 2135 1090 2196 in
1145 2130 1433 2205 animaedelicatae,
1444 2131 1484 2193 de
1500 2147 1600 2194 sensu
1613 2132 1724 2193 carnis
1736 2131 1777 2193 ad
1788 2131 1949 2194 intellec-

300 2213 498 2294 Apocalypsi
518 2219 566 2299 (x,
588 2221 619 2299 1)
636 2245 643 2284 :
667 2227 730 2291 Qut
752 2230 924 2290 descendit
948 2233 989 2291 de
1010 2236 1091 2294 coeto
1144 2229 1213 2290 tum
1227 2229 1355 2305 cordis;
1372 2229 1411 2290 de
1424 2229 1582 2292 servitute
1596 2229 1743 2292 carnalis
1760 2230 1946 2306 concupis-

298 2315 447 2376 amtctus
465 2321 570 2392 raude,
591 2320 687 2394 idest,
711 2324 849 2385 vestitus
873 2341 984 2400 carne,
1013 2329 1091 2405 quia
1145 2327 1262 2387 centias
1281 2326 1323 2386 ad
1343 2326 1528 2390 libertatem
1547 2325 1731 2404 spiritualis
1748 2328 1949 2403 intelligen-

299 2409 405 2472 celata
428 2413 585 2477 divinitas
599 2419 698 2481 'venit
719 2421 760 2481 ad
784 2437 855 2496 nos,
881 2423 977 2497 idest,
1004 2426 1091 2488 nube
1144 2422 1210 2496 tiae,
1220 2422 1485 2500 etvideteregem
1494 2423 1947 2487 Salomonemindiademate

298 2507 409 2568 carnis
421 2509 564 2588 obtecta;
578 2516 654 2592 quia
666 2517 843 2596 antequam
853 2521 997 2584 Verbum
1012 2539 1089 2585 caro
1145 2537 1209 2599 quo
1222 2521 1393 2583 coronavit
1412 2537 1487 2584 eum
1508 2522 1615 2583 mater
1637 2537 1710 2583 sua.
1734 2523 1948 2584 coronantur

299 2601 403 2678 fieret,
420 2609 536 2683 procul
551 2610 755 2677 habitabata
775 2616 881 2690 nohis,
903 2621 981 2696 quia
994 2617 1090 2682 notus
1145 2619 1277 2696 quidem
1303 2620 1336 2681 et
1360 2619 1420 2680 alii
1442 2620 1627 2682 imitatores
1647 2619 1778 2682 Curiati.
1797 2621 1862 2682 Sed
1886 2619 1948 2689 hic

298 2702 371 2764 erat
386 2704 512 2767 tantum
527 2707 563 2768 in
581 2711 696 2772 Judaea
713 2715 810 2774 Deus.
831 2715 893 2777 Ubi
911 2733 991 2780 vero
1009 2720 1092 2780 Ver·
1145 2732 1189 2778 ex
1208 2716 1372 2780 industria
1395 2717 1528 2793 adjutus
1554 2733 1613 2795 per
1635 2717 1776 2793 gratiam
1801 2717 1895 2778 solus
1921 2733 1946 2779 a

299 2797 376 2861 bum
392 2804 601 2867 caroiactum
612 2809 672 2881 est,
689 2810 853 2874 nabitavit
864 2814 899 2874 in
915 2815 1009 2877 nobis
1024 2833 1090 2878 non
1145 2814 1250 2876 matre
1272 2815 1460 2886 coronatae,
1476 2815 1554 2892 quia
1570 2815 1661 2876 solus
1682 2831 1757 2876 cum
1778 2815 1946 2877 ordinatis

299 2896 406 2958 solum
420 2916 480 2977 per
492 2904 646 2978 gratiam,
660 2921 776 2970 verum
795 2911 895 2973 etiam
913 2929 972 2990 per
992 2916 1091 2978 natu·
1145 2911 1374 2974 affectionibus
1393 2913 1550 2990 tanquam
1572 2928 1713 2990 sponsus
1733 2911 1773 2974 de
1791 2912 1946 2974 thalamo

298 3008 381 3054 ram.
399 2997 461 3058 Hic
480 3002 530 3062 est
549 3003 636 3063 enim
652 3007 810 3067 Dominus
827 3012 950 3083 noster,
973 3013 1006 3075 et
1023 3029 1091 3074 non
1144 3009 1306 3086 processit
1324 3010 1364 3072 de
1390 3009 1484 3071 utero
1510 3010 1637 3072 matris.
1660 3011 1700 3073 Et
1720 3011 1845 3073 currite
1866 3025 1947 3072 cum

299 3091 351 3152 est
371 3091 458 3155 alius
473 3099 594 3172 praeter
611 3100 716 3175 illum,
738 3105 794 3181 qui
808 3107 987 3170 secundum
1002 3111 1091 3172 Jere·
1145 3106 1399 3170 adolescentulis
1414 3107 1450 3169 in
1465 3106 1597 3170 odorem
1612 3107 1705 3170 lloris
1721 3107 1846 3183 nostri,
1863 3109 1948 3186 quia

300 3188 401 3250 miam
424 3212 432 3251 1
458 3197 501 3254 ln
521 3196 628 3258 terris
650 3203 747 3262 alsus
765 3203 818 3263 est
840 3205 874 3265 et
891 3219 970 3267 eum
988 3210 1091 3270 tonet
1145 3205 1206 3266 ilos
1237 3205 1344 3282 campi
1368 3205 1401 3266 et
1426 3204 1532 3266 lilium
1561 3204 1761 3266 convallium
1791 3205 1948 3268 aseendit

299 3288 399 3348 nidus
421 3294 646 3356 conversatus
666 3298 729 3358 est.
751 3297 908 3380 (Baruch,
932 3305 988 3375 ΙΙΙ,
1009 3304 1063 3386 38)
1081 3321 1088 3366 :
1144 3303 1243 3364 lrodie
1266 3302 1307 3364 de
1330 3302 1426 3379 virga
1453 3303 1487 3363 et
1511 3302 1552 3364 de
1574 3303 1687 3364 radice
1708 3305 1813 3365 Jesse.
1839 3304 1946 3379 Virga

298 3398 336 3445 os
351 3400 394 3446 ex
406 3388 535 3450 ossibus
550 3392 684 3468 nostris,
702 3399 735 3458 et
749 3413 827 3460 caro
849 3399 890 3462 de
904 3417 1004 3464 earne
1017 3419 1092 3466 nos·
1145 3414 1289 3478 namque
1313 3400 1363 3462 est
1387 3400 1527 3461 Domina
1555 3402 1670 3462 nostra
1693 3401 1794 3478 Virgo
1820 3401 1944 3462 Maria.

298 3481 362 3542 tra.
385 3487 477 3550 Nam
500 3504 523 3550 o
542 3492 688 3555 Deeratne
705 3497 837 3568 sactum
860 3500 913 3560 cst
928 3500 1032 3574 ested,
1058 3503 1092 3564 et
1145 3499 1221 3562 Flos
1236 3498 1286 3561 est
1300 3497 1404 3558 Filius
1419 3500 1491 3574 ejus
1504 3495 1666 3559 Christus.

297 3581 351 3640 est
364 3585 521 3646 attrahite
534 3589 570 3648 in
582 3593 686 3651 ocutis
703 3595 844 3656 nostra.
860 3594 928 3674 (Ps.
943 3599 1011 3670 127,
1022 3596 1088 3678 23).
1184 3597 1263 3657 Haec
1280 3594 1389 3658 autern
1408 3595 1514 3670 virga,
1531 3596 1677 3665 Fratres,
1691 3595 1806 3657 exilia
1821 3593 1946 3658 arbore

338 3677 430 3738 Unde
445 3679 545 3742 lnodie
558 3686 648 3747 canit
659 3688 806 3750 Ecclesia
821 3713 828 3750 :
842 3692 977 3754 indutus
990 3710 1090 3756 carne
1145 3693 1315 3770 processit,
1333 3695 1428 3769 qu’us
1449 3692 1545 3753 radix
1561 3691 1623 3755 luit
1636 3695 1742 3765 Jesse,
1759 3693 1946 3755 secundum

296 3771 441 3835 humana
456 3778 701 3854 protoparentis
716 3785 815 3847 edita.
832 3790 871 3849 nt
884 3805 945 3851 nos
966 3791 1088 3869 itaque,
1145 3789 1226 3850 illud
1237 3789 1333 3850 Isaiae
1346 3805 1354 3849 :
1369 3789 1450 3850 Erit
1464 3793 1570 3851 redte
1583 3790 1732 3863 desecet
1742 3793 1801 3864 qui
1812 3806 1947 3852 caesur-

296 3869 441 3944 Fratres,
459 3874 611 3938 similiter
623 3881 793 3943 cantemus
815 3885 913 3947 hodie
926 3889 1090 3952 canticum
1143 3887 1199 3965 pet
1222 3901 1346 3962 repere
1368 3888 1499 3962 pentec,
1523 3890 1560 3948 ta
1583 3902 1662 3949 eum
1685 3889 1805 3963 pentes
1819 3903 1947 3962 spera-

296 3981 443 4046 novum3
476 3972 553 4049 quia
591 3975 690 4051 Gigas
726 3981 867 4056 geminae
898 3983 1090 4049 substantio
1145 3985 1227 4047 bunt
1264 3982 1373 4062 (Rom.
1403 3999 1463 4056 xv,
1493 3982 1557 4062 12).
1585 3987 1734 4046 Truncus
1768 4001 1848 4048 vero
1879 3986 1947 4048 fuit

296 4067 457 4140 processit
480 4069 579 4133 hodie
609 4074 649 4135 de
684 4077 790 4140 Matre
813 4080 961 4157 Virgine.
985 4085 1090 4148 Hodie
1144 4081 1310 4144 Abraham
1321 4081 1355 4143 et
1363 4081 1478 4142 David.
1496 4081 1589 4142 Unde
1599 4082 1632 4145 et
1640 4081 1783 4144 Abrahae
1798 4084 1947 4159 promis-

296 4161 399 4225 solda
417 4165 512 4228 stella
525 4171 655 4244 enituit,
677 4175 710 4235 et
728 4174 833 4238 iactor
847 4179 1005 4256 Virginis,
1020 4181 1091 4244 lac-
1145 4196 1217 4242 sum
1232 4179 1303 4241 est:
1321 4181 1364 4240 In
1384 4181 1516 4241 semine
1538 4179 1596 4240 tuo
1611 4182 1854 4241 benedicentur
1867 4195 1947 4242 orn-

294 4259 411 4324 tuaest
424 4263 460 4324 in
474 4265 611 4342 Virgine
634 4269 762 4334 iactura
782 4290 853 4336 sua.
879 4279 984 4339 Homo
1002 4280 1090 4340 enim
1143 4293 1205 4341 mes
1225 4277 1345 4355 peotes
1362 4275 1457 4356 (Gen.
1486 4290 1572 4348 111111,
1596 4273 1659 4355 18).
1681 4278 1721 4338 nt
1739 4277 1844 4338 David
1863 4297 1872 4339 ε
1892 4281 1945 4340 De

294 4358 352 4434 qui
373 4358 479 4422 lactus
503 4366 554 4426 est
572 4365 606 4425 in
621 4381 672 4440 ea,
687 4369 760 4445 ipse
773 4370 924 4436 fundavit
945 4391 1018 4436 eam
1032 4377 1091 4438 Al·
1143 4377 1260 4453 fructu
1289 4375 1423 4436 ventris
1452 4374 1503 4434 tut
1531 4389 1659 4448 ponam
1692 4389 1799 4449 steper
1825 4378 1946 4438 sedem

294 4455 453 4520 tissimus.
480 4462 505 4520 0
527 4477 606 4525 vere
634 4480 755 4527 novum
779 4470 865 4545 quod
889 4471 987 4532 hodie
1013 4473 1091 4536 iecit
1144 4476 1241 4535 trram
1263 4471 1332 4552 (Pe.
1350 4473 1418 4543 131,
1440 4468 1504 4549 11).
1526 4470 1566 4532 nt
1588 4469 1668 4531 alibi
1683 4471 1790 4532 eidem
1807 4493 1814 4532 :
1831 4477 1945 4536 Filius

295 4555 453 4618 Dominus
475 4573 575 4634 super
594 4561 729 4637 terram,
746 4566 824 4642 quia
847 4566 944 4629 stella
966 4571 1088 4640 solem,
1143 4573 1202 4643 que
1215 4569 1393 4645 epreditur
1406 4571 1447 4630 de
1460 4569 1560 4629 utero
1580 4570 1648 4641 tuo,
1668 4571 1742 4642 ipse
1760 4571 1944 4642 aedificabit

295 4654 448 4714 creatura
474 4657 674 4732 Creatorem,
700 4661 770 4723 tilla
793 4667 925 4727 Patrem
950 4667 1088 4757 peperit.
1143 4669 1282 4728 domum
1303 4669 1435 4728 omnini
1457 4679 1534 4728 meo
1558 4663 1603 4744 (ll
1625 4667 1705 4742 Reg.
1722 4665 1945 4746 v11,l2).Ra·

295 4748 402 4810 Hodie
418 4751 497 4813 iecit
510 4755 546 4814 ut
561 4757 706 4818 aeternus
725 4760 768 4820 sit
784 4759 991 4838 temporalis,
1009 4764 1091 4824 sim·
1144 4762 1189 4822 mi
1206 4777 1249 4822 ex
1269 4761 1332 4822 hoc
1351 4763 1467 4823 trunco
1488 4762 1715 4834 ascendentes,
1736 4764 1896 4826 Salomon
1912 4767 1945 4827 et

295 4846 373 4922 plex
398 4851 627 4926 compositum,
642 4854 838 4918 immortalis
863 4859 906 4920 sit
927 4861 1087 4922 mortalis.
1143 4858 1261 4934 reliqui
1279 4860 1591 4936 successoresjuxta
1606 4859 1941 4938 illudllvangelium:

295 4941 400 5002 Hodie
424 4945 594 5008 Trinitatis
620 4953 812 5026 mysterium
842 4955 1025 5026 innovavit,
1055 4958 1090 5020 ut
1143 4957 1254 5016 Dauid
1272 4955 1389 5016 aetem
1407 4957 1485 5017 Hem
1503 4958 1621 5032 penult
1644 4960 1874 5028 Salomonem,
1897 4975 1943 5022 ex

292 5038 363 5099 tres
390 5039 457 5102 sint
485 5041 677 5106 substantiae
706 5047 742 5106 in
771 5051 897 5112 unitate
925 5067 1087 5128 personae,
1144 5067 1185 5112 ee
1194 5067 1270 5125 quae
1279 5051 1346 5125 (trit
1359 5054 1451 5114 Uriae
1461 5051 1591 5131 (Matih.
1605 5069 1627 5126 1,
1639 5055 1682 5128 6).
1695 5056 1816 5117 Cortex
1826 5057 1863 5117 in
1879 5057 1943 5118 hac

295 5135 381 5198 sicut
393 5137 462 5200 tres
481 5139 557 5200 sunt
572 5157 722 5216 personae
738 5144 774 5204 in
789 5147 915 5209 unitate
930 5149 1088 5212 substan·
1144 5147 1262 5208 arbore
1275 5147 1408 5210 luerunt
1417 5149 1482 5225 ipsi
1495 5150 1620 5224 Sancti,
1633 5151 1665 5214 et
1677 5156 1754 5215 sunt
1764 5153 1864 5216 lrodie
1876 5171 1944 5216 om-

294 5233 362 5306 tiae,
377 5237 413 5297 ut
431 5239 625 5300 nasceretur
639 5239 679 5300 de
696 5241 801 5301 matre
821 5242 893 5304 sine
912 5248 1017 5321 patre,
1033 5248 1089 5322 qui
1143 5259 1203 5304 nes
1217 5243 1312 5306 electi
1323 5246 1379 5321 qui
1390 5246 1444 5322 pie
1455 5246 1571 5309 volunt
1580 5248 1693 5310 vivere
1704 5250 1739 5310 in
1752 5250 1898 5325 Christo,
1911 5253 1944 5314 et
1995 5303 1996 5334 ,

295 5330 336 5392 de
359 5334 563 5409 patronatus
584 5337 635 5397 est
649 5337 721 5398 sine
741 5341 857 5400 matre.
873 5345 1090 5417 Epredtmtnt
1144 5341 1406 5418 persecutionem
1421 5344 1593 5419 patiuntur
1601 5348 1744 5423 propter
1760 5349 1941 5425 justitiam.
1995 5339 1996 5417 i

293 5432 487 5493 maceston
502 5431 1090 5530 etotdetelteoem'setomooemtn
1145 5436 1237 5498 Unde
1263 5438 1296 5498 et
1324 5437 1357 5498 in
1388 5441 1526 5502 canticis
1552 5463 1559 5500 :
1584 5445 1681 5505 Sicut
1707 5446 1830 5507 cortem
1857 5450 1944 5509 1111111

293 5529 497 5601 diademate,
522 5543 587 5605 quo
602 5533 780 5594 coronavit
800 5547 879 5595 eum
898 5535 1091 5598 maternae
1140 5533 1269 5608 puniet,
1294 5537 1344 5594 ste
1365 5551 1464 5611 oenoe
1485 5538 1554 5598 tuce
1578 5537 1686 5617 (Cant.
1706 5556 1752 5614 v1,
1770 5539 1815 5621 6).
1840 5543 1940 5615 ldest,

293 5627 684 5704 indiedesponsottom'a
698 5628 907 5709 tttteesffiant.
922 5645 970 5702 111,
985 5630 1048 5710 11).
1145 5629 1256 5692 Sancti
1280 5631 1337 5706 qui
1366 5647 1401 5694 se
1427 5632 1579 5710 affligunt
1611 5637 1651 5698 ad
1688 5638 1941 5703 similitudinem
