3968 6296
310 331 369 394 cor
779 313 956 385 honorus
975 297 1024 380 '111
1044 312 1497 379 orana-snnuonns,
1869 333 1916 394 ,03

310 491 455 565 equidem,
475 487 526 547 sed
541 501 604 561 outo
618 484 703 545 luerit
718 482 794 542 lama
813 478 910 540 refert.
928 477 1001 539 ham
1012 475 1109 537 sibilla
1163 481 1340 544 teranorum,
1355 487 1407 532 seu
1422 471 1570 533 tabernam
1585 475 1758 536 meritoriam.
1771 481 1800 538 ln
1811 495 1858 556 pua
1870 485 1915 545 pf.

310 575 576 664 loeoprophetissm
588 583 693 671 eratin
709 583 810 649 homa,
824 587 855 638 et
868 571 942 638 sicut
952 577 1066 652 hloyses
1080 581 1110 632 et
1163 580 1225 643 tur,
1238 573 1331 632 subito
1349 571 1527 630 exsilientem
1547 570 1652 632 iontem
1669 575 1723 634 olei
1737 591 1859 654 magnum
1873 583 1914 644 hp.

310 688 388 746 Elias
402 681 688 756 videruntchristum
707 680 735 738 in
751 685 859 747 monte,
875 676 912 734 ita
931 674 1027 734 Sibilla
1042 674 1106 736 Vir·
1163 671 1266 742 mines,
1282 670 1328 728 dle
1345 669 1479 744 quadam,
1499 669 1613 730 vidisse.
1632 673 1684 741 Qui
1702 671 1769 744 tons,
1788 693 1832 750 per
1845 687 1913 740 tohu

310 785 409 860 ginem
425 782 568 842 etlilium
582 780 685 838 meruit
699 773 896 850 contemplari.
913 795 925 826 ι
940 775 975 832 lh
985 780 1105 840 extunc,
1162 770 1240 828 illam
1259 767 1335 827 diem
1355 767 1519 839 decurrens,
1538 776 1672 842 mnquam
1687 771 1769 844 rivus,
1783 774 1815 832 ad
1831 775 1915 838 lunen

311 884 351 942 ait
369 881 522 949 Honorius,
545 877 718 938 Octavianus
742 871 885 949 prohibuit
899 885 936 930 ne
959 871 1023 944 quis
1041 883 1108 928 eum
1162 882 1253 941 usque
1276 865 1424 941 pergebat.
1448 869 1579 942 Augures
1603 867 1756 941 symbolum
1779 873 1848 943 pacis
1865 889 1915 934 essa

310 980 464 1039 Dominum
480 977 646 1051 appellaret,
660 974 726 1047 quia
741 979 884 1031 natusest
899 973 1109 1042 llexregumet
1162 966 1256 1024 oleum
1270 964 1412 1036 dixerunt,
1428 966 1589 1023 nescientes
1602 973 1696 1024 tamen
1713 980 1822 1040 puerum
1838 979 1915 1030 natan

308 1069 448 1138 Dominus
461 1074 710 1132 dominantium.»
1161 1079 1225 1123 esse
1247 1063 1275 1121 in
1297 1062 1443 1122 Bethleem
1466 1063 1514 1136 qui
1536 1063 1666 1136 princeps
1688 1071 1760 1122 esset
1779 1065 1855 1137 pacis.
1872 1069 1914 1126 sed

326 1175 496 1249 ·llirgilium
516 1175 603 1231 ellam
623 1169 753 1240 adhibet,
775 1166 888 1227 dulcem
908 1173 1033 1240 poetam,
1058 1164 1106 1238 qul
1161 1162 1333 1235 paulopost,
1349 1159 1533 1219 deillolaeto
1545 1161 1679 1219 certiores
1691 1159 1834 1232 lactisuot,
1847 1179 1915 1236 quun

308 1273 412 1332 decinit
426 1271 612 1330 infantulum:
631 1291 642 1320 ι
660 1267 742 1328 Unde
754 1267 863 1326 Poeta:
1160 1266 1291 1334 pastores
1311 1267 1342 1318 et
1367 1273 1452 1332 reges
1476 1257 1614 1318 iniantem
1637 1258 1759 1316 uenerati
1779 1267 1845 1318 sunt.
1866 1264 1915 1320 lan

323 1361 327 1412 ἷ
401 1370 440 1423 En
453 1383 520 1420 nova
531 1360 663 1434 progenies
675 1365 738 1417 eaelo
751 1364 890 1416 dimittitur
899 1361 990 1414 alto.»
1158 1356 1270 1416 dtloblls
1296 1357 1408 1416 sindulis
1432 1357 1548 1430 elapsis,
1577 1355 1740 1427 Christiani,
1767 1358 1811 1430 qui
1829 1359 1915 1416 ntllltm

320 1473 324 1480 ·
344 1462 483 1519 husterus
493 1467 523 1516 et
536 1457 655 1532 rigidior
667 1457 763 1515 forsan
778 1469 879 1512 censor
893 1451 957 1510 haec
967 1449 1102 1510 condem·
1160 1454 1254 1514 udhue
1264 1456 1402 1530 templum
1417 1455 1446 1513 in
1456 1454 1526 1513 urbe
1540 1452 1729 1528 possidebant,
1742 1453 1775 1511 ab
1784 1454 1915 1514 herardo

309 1565 368 1628 net,
381 1564 539 1615 nosautem
553 1570 610 1612 non
623 1555 672 1613 ita.
688 1553 848 1612 Praesertim
858 1565 945 1625 quum
956 1550 1103 1623 ipsePau·
1159 1555 1264 1613 Severo
1284 1552 1447 1611 facultatem
1466 1553 1652 1626 impetrarunt
1670 1550 1817 1610 edificandi
1835 1553 1859 1610 in
1874 1551 1916 1612 boc

306 1655 352 1714 lus
362 1655 514 1729 Apostolus
528 1662 626 1728 poetas
640 1652 779 1710 citaverit.
1158 1653 1221 1712 loeo
1245 1666 1363 1726 parvam
1382 1652 1546 1720 ecclesiam,
1563 1663 1648 1723 quam
1662 1648 1796 1707 dedicavit
1809 1650 1916 1708 callixtus

343 1753 476 1826 Sequttm
490 1753 544 1810 alia
557 1750 767 1811 narratiuncula
780 1764 844 1822 quaa
855 1746 1045 1821 explicatione
1058 1745 1102 1802 in·
1158 1751 1271 1809 Primus
1281 1751 1311 1807 ot
1322 1755 1408 1821 porto
1421 1749 1496 1806 detto
1511 1749 1640 1820 Verulae.
1656 1747 1721 1805 Post
1732 1747 1800 1804 illius
1812 1748 1915 1805 etrlede

305 1849 396 1923 diget,
414 1865 478 1923 que
492 1849 555 1907 hee
568 1857 614 1916 est
630 1866 637 1908 :
655 1871 667 1900 ι
685 1847 821 1922 Legimus
839 1847 926 1904 etiam
946 1845 1022 1921 quod
1041 1843 1103 1902 iona
1158 1849 1269 1907 ruinam
1280 1848 1309 1905 in
1320 1847 1550 1922 persecutionum
1558 1854 1696 1920 tempore,
1704 1845 1790 1903 tullus
1798 1847 1819 1915 l,
1828 1845 1852 1904 S.
1862 1847 1916 1903 Pon
1955 1861 1956 1864 ¹

306 1949 361 2005 olei
377 1963 428 2021 per
442 1953 532 2005 totum
546 1946 622 2005 diem
637 1948 666 2005 in
684 1945 801 2006 taberna
815 1945 968 2013 meritoria,
986 1949 1104 2017 quaeest
1157 1946 1227 2006 tifex
1240 1947 1326 2006 aliam
1341 1947 1472 2017 extruxit,
1488 1960 1575 2020 quam
1589 1944 1734 2003 basilicam
1748 1944 1879 2019 appellavit
1889 1943 1916 2002 de
1955 2019 1956 2022 Ἴ

305 2045 429 2104 eeclesia
444 2046 472 2103 S.
486 2045 583 2103 llario
597 2046 626 2102 in
641 2043 823 2113 Transtiberi,
840 2041 1002 2116 largissime
1020 2057 1100 2100 ema·
1157 2047 1260 2104 sancto
1276 2047 1374 2107 diario
1388 2045 1419 2102 iu
1432 2046 1538 2116 fodero
1553 2043 1775 2102 oleitotodemo
1787 2042 1914 2099 mulcro.
1955 2025 1956 2028 ¹

306 2143 395 2212 navit,
411 2145 478 2214 quia
499 2142 546 2200 ille
565 2141 735 2200 nascebatur
756 2141 786 2200 in
809 2142 893 2200 terris
911 2141 959 2215 qui
975 2140 1054 2198 venit
1073 2141 1102 2199 io
1157 2144 1265 2202 Plurles
1279 2142 1461 2213 reedificata,
1474 2155 1565 2216 usque
1578 2139 1672 2200 adhuc
1686 2147 1834 2214 aperturam
1842 2147 1915 2196 serrat
1955 2119 1956 2184 Ϊ

305 2241 423 2298 nomina
435 2239 587 2298 Domini.»
1109 2265 1112 2272 ·
1156 2240 1232 2300 unde
1250 2241 1314 2300 lons
1334 2243 1390 2300 olei
1408 2241 1541 2312 exsilivit,
1556 2255 1624 2299 curn
1642 2237 1733 2297 debita
1753 2237 1913 2310 inscriptione.

319 2384 322 2394 .
341 2337 494 2396 sciendum
515 2345 562 2395 est
582 2352 664 2411 ergo,
686 2337 735 2395 ubi
756 2351 833 2396 nunc
853 2335 964 2395 videtur
983 2334 1101 2395 basilien
1155 2340 1217 2410 Quo
1232 2339 1261 2396 in
1277 2340 1340 2398 loeo
1352 2341 1440 2414 igitur
1453 2339 1545 2398 extitit
1559 2337 1683 2413 primum
1696 2335 1828 2411 publicum
1839 2333 1914 2394 Chris·

304 2433 1098 2509 altariaintimaveratuissedomomquantamve·
1154 2438 1296 2497 tiuoorum
1311 2437 1459 2512 templum.
