3988 6300
287 369 343 434 fot

288 547 453 611 dumentis
464 541 723 610 sacerdotalibus
734 557 807 606 eum
817 541 1083 620 quihus‚necnon

288 645 330 708 de
345 643 505 708 altaribus
526 641 691 720 inquibus
706 639 878 718 degradati
899 639 1083 719 presbyteri

290 743 509 805 celebrarunt.
525 743 593 803 Nos
609 740 718 801 autem
737 738 944 817 inquisitioni
963 739 1083 800 vestrae

287 841 400 903 taliter
413 839 665 918 respondemus;
682 837 768 916 quod
782 853 847 898 non
863 837 1027 898 credimus
1042 834 1083 898 ob

288 938 351 1002 hoc
364 937 524 999 duntaxat
543 936 688 1014 sepultos
705 934 1085 1014 hrijusmodiexhuman-

289 1035 358 1110 dos,
375 1037 432 1100 aut
449 1035 568 1098 debere
582 1033 775 1096 indumenta
789 1033 871 1095 talia
886 1033 1006 1096 iterum
1021 1031 1083 1094 be-

288 1133 409 1206 nedici,
445 1135 499 1196 rel
532 1132 762 1194 reconsecrari
796 1130 915 1193 altaria
957 1147 1084 1208 supra-

289 1232 376 1294 dicta
389 1231 448 1312 (1).

545 1397 758 1488 TITULUS
790 1399 837 1486 X.

411 1565 454 1614 ns
476 1565 668 1615 consona
688 1561 880 1613 vrrmrrs
907 1550 964 1630 (2).

463 1713 835 1786 ,archiepiscoporum
857 1707 905 1791 (a)

595 1897 733 1960 CAPUT
755 1897 780 1959 l.

331 2046 521 2120 Postulasti,
531 2047 690 2123 Magistro
704 2049 744 2109 N.
755 2047 876 2109 clerico
886 2047 928 2107 ad
938 2045 1085 2106 nostram

290 2145 501 2219 praesentiam
514 2145 689 2218 destinato,
706 2145 742 2207 ut
762 2145 791 2204 si
805 2145 891 2206 volis
906 2141 953 2223 (f)
972 2143 1086 2205 Ultra-

291 2239 491 2304 silvanensis
510 2243 660 2305 ecelesiae
674 2243 834 2304 vellemus
853 2257 1012 2314 annuere,
1028 2258 1087 2302 su-

291 2353 351 2416 per
382 2354 437 2412 eo,
462 2340 548 2417 quod
581 2340 623 2401 ad
653 2341 801 2401 eamdem
834 2339 1085 2402 Waradiensem

291 2437 504 2513 praepositum
514 2437 696 2515 elegerunt,
705 2438 987 2500 confirmationem
998 2439 1086 2500 elec-

290 2533 392 2596 tionis
416 2535 563 2613 ejusdem
586 2537 755 2599 remittere
776 2536 1000 2612 dignaremur.
1017 2537 1085 2598 Nos

289 2647 369 2693 vero
392 2631 413 2693 f.
429 2633 453 2695 t.
472 2635 506 2695 in
532 2633 605 2706 hoc,
620 2635 653 2696 et
673 2635 709 2695 in
723 2634 810 2707 aliis,
828 2634 986 2712 quantum
1010 2651 1084 2696 cum

220 2809 221 2812 Ἴ
289 2731 357 2791 Deo
376 2747 562 2808 possumne,
579 2732 708 2794 deferre
729 2733 889 2806 volentes,
910 2732 1085 2810 praefatum

290 2826 430 2890 electum
453 2830 495 2890 ad
518 2831 552 2892 te
576 2831 773 2908 cumgratia
793 2831 907 2893 nostra
930 2830 1085 2892 duximus

289 2926 539 2999 remittendum,
565 2943 624 3005 per
650 2928 841 3005 apostolica
875 2928 998 3004 scripta
1025 2927 1085 2989 tihi

290 3023 496 3096 mandantes,
513 3025 686 3101 quatenus,
709 3042 809 3102 quum
833 3025 896 3086 hoc
918 3025 1085 3087 deferendi

289 3118 351 3182 tihi
367 3135 467 3182 causa
480 3120 667 3195 fecerimus,
679 3138 759 3198 erga
773 3123 913 3186 electum
925 3123 1044 3200 ipsum,
1056 3123 1085 3185 si

290 3217 375 3278 alias
390 3218 440 3280 est
454 3219 603 3292 idoneus
616 3236 681 3282 non
697 3220 848 3282 obstante
858 3220 998 3294 macula,
1011 3239 1084 3299 quae

290 3315 325 3377 in
340 3317 444 3378 altero
465 3317 570 3396 ipsius
595 3319 689 3380 oculo
705 3318 890 3392 videbatur,
907 3321 979 3381 sine
994 3320 1084 3381 diffl-

289 3413 410 3477 oultate
425 3416 523 3493 prout
543 3416 584 3478 ed
599 3417 692 3482 tuum
706 3417 849 3496 pertinet
862 3418 1005 3480 officium
1024 3435 1086 3482 ex-

289 3527 451 3590 sequaris.

289 3663 424 3718 mererium
433 3681 444 3730 ;
456 3663 594 3722 Abbalem
610 3665 788 3733 stadensem,
803 3679 838 3723 ex
857 3681 913 3738 quo
935 3667 1085 3724 Krantzius

289 3733 449 3806 desumpsit
463 3749 526 3806 que
541 3734 576 3790 de
591 3737 644 3793 isto
656 3736 840 3794 waldemaro
855 3739 977 3810 scripsit,
988 3745 1019 3795 ut
1030 3739 1083 3795 alia

289 3804 451 3878 plantaque3
465 3807 621 3862 lnnoceutii
635 3807 685 3874 ΙΙΙ,
708 3808 799 3876 epist.
816 3807 843 3874 3,
860 3809 908 3864 leb.
925 3811 987 3877 XV,
1005 3811 1083 3881 lieo,

289 3881 318 3930 et
332 3876 420 3932 Notas
439 3876 490 3932 viri
505 3877 612 3934 clariss.
628 3879 783 3950 Bosquetii.

327 3963 367 4036 (Ι)
388 3965 475 4022 Notez
497 3965 522 4021 la
539 3963 700 4024 reltiratiou
724 3965 760 4024 de
774 3961 929 4040 sepulture,
945 3967 981 4025 de
997 3967 1083 4028 bini·

289 4031 394 4092 diction
410 4035 460 4092 des
480 4038 639 4094 vetaments
660 4037 856 4104 sacerdotalia,
871 4039 907 4096 de
930 4038 1081 4098 cousecra-

288 4105 416 4236 &potandas
429 4108 530 4176 autels,
546 4105 690 4164 assimiles
710 4106 726 4166 i
747 4110 774 4166 ln
794 4105 957 4168 reiteration
980 4111 1015 4170 de
1034 4127 1080 4170 sa·

325 4265 366 4340 (2)
386 4268 496 4326 Cetitre
510 4266 633 4326 formale
652 4269 699 4326 ΙΙΘ
720 4268 756 4326 de
766 4269 792 4327 la
810 4271 979 4342 Compilotlo
986 4274 1083 4345 prima

287 4345 316 4395 ct
330 4339 356 4396 le
369 4339 416 4396 200
431 4338 481 4396 des
496 4337 658 4397 Decretales
673 4339 893 4413 Gregoriennes.

325 4427 366 4500 (e)
381 4428 595 4498 drcltiepiscopo
608 4428 776 4484 Colottiensi.
785 4430 968 4496 Enoelferto,
979 4433 1014 4490 fu
1023 4449 1068 4507 ep.

288 4499 336 4584 qui
351 4497 423 4556 sedit
434 4498 554 4555 abanno
570 4499 648 4566 litt,
660 4513 751 4570 usque
766 4497 801 4554 ad
817 4473 902 4570 {3253
913 4503 961 4574 qui
971 4479 1083 4564 occisus

244 4605 247 4612 ·
288 4571 365 4627 inita
382 4577 487 4651 nepote
500 4583 566 4650 suo;
578 4569 614 4626 de
626 4585 683 4641 quo
696 4571 774 4662 plura
788 4572 927 4628 cesarius
940 4576 968 4630 in
982 4575 1081 4634 litator.

287 4642 421 4696 miracul.
437 4646 463 4697 et
478 4657 508 4695 ur
524 4645 584 4695 otto
595 4641 665 4696 dicti
678 4642 722 4696 lto
742 4641 848 4708 elberti,
866 4643 901 4699 ub
916 4659 951 4700 eo
963 4659 1080 4717 compo·

289 4712 353 4779 sita,
368 4710 445 4792 opud
458 4707 580 4777 Surium,
593 4655 789 4780 inovemssrls,
801 4720 829 4769 et
839 4712 945 4772 dicavit
961 4717 1083 4776 ilenrico

288 4795 447 4846 successori
467 4781 642 4852 Engelberti
662 4782 707 4837 eui
723 4780 818 4839 forsan
840 4783 893 4841 hoc
908 4801 971 4858 cap.
988 4787 1080 4846 direc-

286 4860 348 4911 tum
363 4859 416 4912 est.
433 4865 500 4908 nam
522 4851 595 4908 sedit
617 4852 651 4908 ab
673 4867 749 4908 anno
771 4855 849 4921 liat,
872 4859 1012 4930 usquead
1030 4875 1080 4918 en-

287 4939 356 4982 num
369 4925 446 4981 lili.
465 4923 593 4990 Hieron,
603 4923 728 4991 linteus,
744 4925 774 4978 iu
788 4926 888 4986 litator.
910 4931 1080 4999 devertunt,

287 4995 349 5054 Lib.
372 4998 424 5064 Vl,
451 4995 503 5062 ait,
530 4993 731 5066 Engelltertum
758 4992 846 5052 luisse
879 5000 973 5056 omnis
993 5003 1082 5060 ltaliae

286 5063 587 5126 Archieancellarium.

323 5159 383 5214 Hoc
397 5163 482 5228 caput
495 5157 628 5231 congruit
655 5169 720 5212 cum
749 5169 812 5227 cap.
834 5156 861 5215 2.
882 5173 917 5214 ex
936 5160 994 5218 eod.
1020 5163 1079 5220 fla·

286 5228 349 5286 culn
363 5228 437 5286 oculi
452 5243 508 5284 non
530 5228 648 5302 impedit
668 5229 876 5300 promotionem
897 5229 933 5287 ad
955 5232 1081 5290 ordines.

286 5299 368 5368 Quid,
383 5301 407 5356 si
423 5300 485 5371 quis
501 5315 587 5358 unum
603 5299 715 5357 oculum
732 5300 787 5380 alio
802 5299 941 5372 majorem
954 5301 1081 5362 habeat?

286 5371 386 5444 querit
405 5371 553 5443 Papiensis
569 5373 597 5429 in
613 5375 624 5428 1
641 5371 801 5440 competet,
820 5377 850 5429 et
865 5372 1009 5430 concludit
1027 5391 1081 5434 nec

286 5441 360 5500 lrauc
380 5441 587 5500 deformitatem
603 5442 715 5510 obesse,
731 5444 863 5516 sicutqui
878 5445 977 5501 oeulos
996 5445 1081 5504 nimis

284 5514 446 5571 eminentes
467 5513 731 5582 ferrariensium,
752 5514 800 5586 qui
821 5515 906 5574 clem.
925 5515 959 5572 de
980 5517 1078 5576 edific.

284 5585 352 5644 edic.
383 5583 468 5644 Aliud
492 5593 536 5642 est
557 5586 592 5643 de
618 5587 778 5654 luminoso,
809 5599 896 5714 guam
919 5590 1079 5641 vuaratonis

284 5663 388 5738 vorant
411 5657 516 5726 Greci,
540 5657 634 5716 Po'e'tae
650 5653 727 5728 lifts,
746 5656 792 5731 qni
834 5657 888 5713 iem
911 5673 969 5716 non
991 5659 1078 5729 videt,

285 5742 334 5800 qur
348 5729 514 5786 caritudine
532 5730 618 5787 nimia
635 5729 754 5800 laboret,
771 5735 798 5786 et
813 5727 861 5802 qul
874 5743 975 5800 parum
991 5731 1077 5802 ridet,

898 364 1074 426 aenean
1097 363 1142 424 111
1164 357 1312 422 OPERA.

1277 588 1444 662 Episcopo
1468 581 1729 657 Enooltsmmtsi.
1747 579 1798 662 (c)

1437 783 1573 845 CAPUT
1593 783 1633 843 ΙΙ.

1179 935 1228 1017 (cl)
1243 939 1386 1000 Thomas
1408 937 1589 1000 monachus
1611 937 1717 1000 sancti
1733 937 1901 999 amantii
1919 939 1955 998 de

1139 1035 1265 1110 Brixia,
1288 1036 1459 1114 proposuit
1484 1052 1596 1099 coram
1621 1035 1726 1102 nobis,
1750 1036 1849 1113 quod
1879 1052 1953 1096 cum

1139 1133 1174 1194 in
1189 1133 1285 1195 annis
1301 1134 1388 1196 esset
1407 1133 1592 1214 puerilibus
1616 1132 1836 1204 constitutus,
1858 1149 1954 1210 quae-

1140 1230 1214 1293 dam
1233 1231 1331 1294 barra
1351 1231 1460 1296 ferrea
1480 1248 1580 1310 super
1594 1229 1720 1294 dexuae
1741 1248 1817 1292 suae
1849 1233 1953 1308 polli-

1141 1346 1211 1392 cem
1230 1330 1365 1393 fortuito
1385 1347 1466 1392 casu
1489 1330 1623 1402 cadens,
1640 1329 1802 1408 ungulam
1821 1329 1954 1391 evulsit

1140 1427 1235 1489 abeo
1252 1450 1259 1490 :
1276 1445 1351 1491 eum
1366 1429 1477 1491 autern
1491 1428 1666 1501 desideret,
1689 1429 1778 1490 sicut
1803 1429 1950 1498 asserit,

1139 1525 1175 1587 in
1191 1526 1389 1588 sacerdotali
1405 1525 1513 1588 officio
1529 1526 1667 1588 Domino
1689 1525 1874 1597 famulari,
1894 1543 1954 1586 no-
1980 1573 1981 1576 .

1139 1623 1191 1684 his
1221 1624 1392 1686 humiliter
1416 1623 1629 1704 supplicarit,
1658 1625 1694 1686 ui
1721 1625 1870 1702 perte,
1899 1625 1952 1700 qui

1141 1725 1213 1801 ejus
1229 1723 1436 1785 dioecesanus
1460 1723 1588 1792 existis,
1605 1722 1796 1802 promoveri
1816 1721 1950 1782 eumin

1141 1821 1344 1882 sacerdotem
1359 1821 1602 1882 mandaremus.
1619 1819 1784 1892 Quocirca
1797 1821 1841 1880 F.
1853 1822 1895 1879 Τ.
1909 1821 1949 1879 fl.

1141 1918 1268 1995 quodsi
1283 1919 1324 1980 ad
1339 1918 1557 1996 frangendum
1573 1917 1826 1980 Eucharistiam
1852 1917 1901 1978 sit
1918 1919 1948 1976 in

1140 2016 1259 2094 pollice
1274 2017 1331 2079 illo
1348 2018 1480 2095 potens,
1494 2019 1527 2080 ei
1546 2015 1635 2078 aliud
1655 2016 1868 2079 canonicum
1886 2032 1949 2075 non

1140 2113 1294 2188 obsistat,
1321 2117 1454 2194 propter
1477 2113 1718 2177 deformitatem
1742 2113 1949 2192 hujusmodi
1980 2157 1981 2200 ,

1140 2229 1207 2274 uon
1228 2213 1390 2286 dimittas,
1413 2214 1493 2291 quin
1516 2229 1592 2275 eum
1615 2213 1657 2275 ad
1681 2211 1841 2275 ordinem
1871 2227 1950 2288 pro-

1140 2326 1274 2374 moveas
1290 2311 1483 2374 sacerdotis.

1387 2563 1601 2655 TITULUS
1629 2565 1685 2652 XI

1264 2777 1308 2826 ns
1329 2777 1427 2826 runs
1448 2776 1737 2827 enasarrsnosuu
1760 2762 1816 2838 (3).

1141 2925 1279 2986 Decono
1304 2928 1403 2986 Fure
1429 2921 1487 3004 (e)
1513 2926 1642 2986 Morio.
1668 2926 1764 2984 dtaee.
1798 2923 1839 2982 et
1873 2925 1947 2982 ffe-

1179 3023 1289 3098 plslro
1324 3023 1486 3084 edilberto
1521 3024 1657 3083 Morio.
1688 3021 1723 3081 et
1757 3022 1797 3080 L.
1823 3019 1946 3080 Serico·

1179 3121 1366 3182 Donatorls
1380 3122 1417 3180 ln
1434 3122 1573 3196 Briseis,
1587 3123 1774 3180 Toruocen.
1792 3120 1942 3179 Dtaecer.

1443 3271 1580 3332 CAPUT
1601 3269 1626 3332 l.

1179 3405 1324 3467 Dilectus
1355 3403 1443 3467 filius
1472 3407 1513 3466 (f.
1544 3401 1745 3481 Praepositae
1776 3403 1942 3464 Ecclesia

1141 3503 1270 3564 Sanctae
1298 3502 1413 3565 Mariae
1443 3502 1479 3563 in
1514 3501 1556 3582 (Ι)
1589 3501 1709 3576 Brugis
1738 3501 1942 3561 transmissa

1141 3653 1172 3709 f.
1187 3651 1259 3708 wem
1271 3651 1395 3725 Opilius.
1411 3650 1469 3708 eod.
1488 3652 1551 3708 lloe
1566 3648 1682 3707 defectu
1696 3647 1872 3706 laboramus
1886 3665 1944 3704 nus

1138 3723 1252 3779 cilicem
1270 3730 1352 3780 voest
1371 3724 1472 3778 Festus
1488 3721 1545 3778 τοὺς
1561 3723 1674 3788 ἀμυδρῶς
1690 3721 1840 3784 Strumae,
1862 3719 1942 3776 idest

1138 3795 1252 3851 obscure
1277 3795 1416 3862 videntes,
1436 3805 1489 3848 nec
1503 3791 1623 3848 multum
1638 3805 1653 3846 a
1666 3790 1797 3848 coeeitate
1811 3792 1940 3856 alienos,
1980 3789 1981 3820 l

1139 3863 1214 3938 opud
1228 3863 1413 3934 Hesyefinm.

1180 3935 1222 4008 (t)
1247 3935 1434 3992 lltlresilouu.
1457 3933 1598 3991 Ecclesia.
1620 3930 1738 3990 Videtur
1761 3931 1939 4014 legendnm,
1980 3993 1981 3998 .

1139 4007 1363 4134 Ultragectensls,
1381 4007 1503 4072 Utrecltt,
1516 4019 1579 4076 quae
1599 4011 1660 4060 erat
1674 4010 1741 4059 tone
1752 4006 1938 4086 episcopalis,

1139 4087 1167 4207 gt
1180 4093 1213 4206 sili
1244 4075 1417 4208 ¹ersiloniensi,
1435 4075 1509 4133 facta
1526 4083 1635 4132 tantum
1651 4073 1938 4148 archiepiscopalisa

1163 4163 1228 4206 auo
1285 4191 1291 4206 .

1138 4235 1215 4367 ..ll
1229 4233 1795 4380 law.

1175 4381 1217 4454 (d)
1243 4379 1368 4436 fleamus.
1398 4381 1454 4436 lste
1479 4379 1639 4434 monachus
1671 4378 1700 4432 in
1729 4377 1804 4432 flSS.
1834 4377 1939 4435 dicitur
1980 4399 1981 4408 ¹

1138 4466 1202 4508 esse
1224 4451 1252 4507 S.
1267 4449 1393 4507 Amautli
1412 4448 1448 4505 de
1470 4449 1574 4516 Brixia,
1591 4447 1688 4520 vulgo,
1711 4447 1744 4503 cie
1763 4448 1881 4516 fricas,
1894 4465 1936 4504 or·

1138 4522 1213 4580 diois
1228 4523 1255 4580 S.
1266 4519 1422 4588 Benedicti,
1436 4535 1518 4590 cutus
1529 4519 1693 4576 monasterii
1705 4517 1793 4574 abbas
1804 4529 1853 4576 est
1869 4521 1936 4576 illus
1980 4519 1981 4556 ἒ

1137 4593 1280 4650 trisslmus
1295 4600 1391 4649 noster
1405 4589 1639 4663 archiepiscopus
1652 4590 1817 4646 tolosanus.
1980 4635 1981 4664 ,

1193 4665 1222 4733 3)
1241 4665 1278 4722 Co
1291 4665 1354 4719 titre
1368 4662 1492 4718 formale
1507 4663 1541 4718 90
1552 4662 1586 4718 de
1602 4662 1627 4718 la
1646 4661 1812 4730 compilatio
1825 4662 1934 4732 prima,
1980 4683 1981 4732 l

1137 4741 1165 4790 et
1196 4737 1273 4790 οΙΙθ
1289 4734 1340 4791 des
1356 4729 1754 4805 DecretalesGregorleunes.
1980 4743 1981 4780 3

1180 4805 1217 4876 (el
1241 4807 1351 4862 Decooo
1373 4805 1464 4860 Foru.
1495 4803 1541 4861 Sic
1562 4803 1685 4876 legenda
1709 4810 1753 4859 est
1774 4801 1932 4875 inscriptio,
1980 4787 1981 4872 l

1137 4876 1254 4934 Decauo
1273 4875 1423 4941 Fumensi,
1440 4875 1611 4930 florinensis
1625 4872 1768 4942 dioeeesis,
1781 4880 1811 4929 et
1824 4875 1933 4948 Magis·
1980 4885 1981 4906 Ι

1138 4954 1180 5005 tro
1195 4947 1341 5014 (filiberto,
1366 4945 1552 5010 florinensis,
1573 4953 1602 5002 et
1617 4942 1769 5001 Lamberto
1792 4945 1819 5001 S.
1840 4948 1932 5002 Dona·

1136 5019 1206 5076 tiani
1222 5019 1250 5074 in
1264 5017 1368 5099 Brugis
1382 5016 1572 5074 tornacensis
1587 5015 1729 5072 dioecesis.
1748 5017 1852 5073 Furnae
1870 5016 1933 5073 nrfs
1980 5057 1981 5080 ,

1137 5089 1286 5157 Flandrlae,
1303 5088 1435 5144 diocesis
1455 5087 1636 5156 florinensis,
1655 5086 1802 5144 nobilitata
1816 5088 1931 5144 victorii

1137 5161 1280 5218 Gallorum
1309 5166 1406 5216 eontra
1431 5157 1635 5228 flandrenses,
1659 5172 1735 5214 anuo
1757 5159 1838 5216 1297.
1864 5157 1932 5218 Vide
1980 5199 1981 5228 ,

1135 5231 1232 5289 lacot).
1248 5232 1403 5304 fleyerum,
1419 5230 1465 5286 lid.
1483 5245 1531 5286 vin
1546 5237 1574 5286 et
1586 5243 1626 5300 x,
1640 5230 1747 5286 Annrrl.
1763 5231 1887 5288 flandr.
1980 5229 1981 5300 l

1172 5301 1210 5374 (s)
1236 5303 1350 5372 Bropit.
1377 5303 1496 5374 Bruges,
1523 5300 1590 5358 urbs
1622 5299 1777 5368 Flandriae,
1806 5301 1930 5358 celeber·
1980 5305 1981 5338 t

1136 5373 1222 5441 rima,
1238 5373 1305 5428 olim
1321 5371 1374 5429 sub
1398 5373 1571 5429 'fornacensi
1593 5373 1739 5444 episeopo,
1755 5385 1834 5428 nulio
1856 5374 1928 5446 epis·

1135 5452 1254 5517 copalus
1267 5443 1319 5500 sub
1330 5441 1545 5515 archiepiscopo
1555 5441 1752 5501 mechliniensi
1765 5459 1771 5498 :
1786 5443 1813 5498 in
1826 5442 1882 5501 hae
1892 5452 1931 5500 est

1134 5515 1293 5588 Capitulum
1308 5515 1496 5598 collegiatam
1515 5515 1543 5572 S.
1561 5513 1728 5582 Donatiani,
1745 5515 1863 5586 septimi
1885 5517 1929 5572 lle

1135 5601 1246 5643 morum
1269 5587 1405 5658 episcopt,
1423 5585 1490 5642 ollm
1512 5586 1658 5642 Sideris
1676 5585 1818 5654 dicatum,
1832 5586 1883 5644 sed
1896 5585 1928 5642 of

1136 5657 1350 5716 translationem
1374 5657 1558 5728 reliquiarum
1581 5659 1609 5714 S.
1629 5657 1780 5714 Donatiani
1799 5658 1854 5715 sub
1874 5660 1925 5715 lla·

1135 5729 1235 5786 driano
1264 5728 1290 5788 ll
1317 5735 1346 5786 et
1366 5729 1466 5788 Carolo
1487 5728 1588 5798 Calvo,
1611 5726 1678 5785 dicti
1700 5727 1792 5785 sancti
1816 5731 1926 5786 nemim
