4122 6308
118 407 171 473 8l5
714 411 760 472 IN
782 413 851 472 nin
873 411 1158 474 PARASCEVEN.
1656 491 1660 497 Ι
1702 414 1761 474 846

120 569 280 633 Christum
297 571 506 647 negaverunt
519 569 552 632 et
566 569 607 631 ab
621 585 660 632 eo
677 570 842 648 ingerunt,
858 587 915 634 re-
967 573 1203 650 bumiliamur;
1226 573 1316 650 quia,
1348 572 1434 636 sicut
1457 575 1543 634 Deus
1567 573 1761 637 humiliatus

118 671 306 744 surgentem
332 669 480 741 adorant,
500 669 723 746 intelligentes
743 670 830 747 quod
856 670 912 748 qui
967 671 1017 732 est
1029 687 1088 749 pro
1103 671 1248 740 homine,
1264 671 1423 733 Dominus
1434 687 1493 749 pro
1505 687 1612 744 servo,
1627 673 1763 734 Creator

119 769 256 844 seipsum
292 769 330 829 et
352 766 473 828 multos
500 781 612 828 secum
641 767 852 828 resuscitavit
875 769 911 828 in
966 785 1025 846 pro
1040 771 1205 842 creatura,
1215 770 1262 831 ita
1278 770 1376 830 homo
1389 769 1584 831 humilietur
1601 785 1660 846 pro
1680 773 1759 843 Deo,

119 881 260 941 corpore,
286 864 393 942 possit
412 865 511 926 etiam
532 863 621 940 ipsos
645 879 665 924 a
681 866 784 926 morte
799 881 912 942 pecca·
967 881 1081 930 servus
1095 883 1153 943 pro
1167 867 1317 938 Domino,
1339 869 1492 960 crmlura
1508 883 1567 945 pro
1584 867 1760 940 Creatore;

117 965 217 1025 torum
246 962 513 1023 resuscitarem
541 963 665 1034 mente,
695 961 742 1023 ita
768 963 804 1024 ut
827 962 913 1023 sicut
966 965 1643 1038 quoniumqrrtsccccottotbrcrrrtltodttur,
1660 967 1763 1039 eaput

117 1061 270 1130 diximus,
285 1059 411 1134 singuli
424 1060 620 1136 poenitentes
635 1060 676 1120 ad
692 1059 792 1137 pedes
804 1061 913 1122 Domi·
965 1075 1003 1122 sc
1016 1062 1173 1123 humiliot
1185 1061 1396 1124 exultabitur
1411 1060 1540 1140 (Matth.
1558 1077 1655 1134 xxnr,
1674 1059 1739 1140 12).

118 1155 148 1216 ni
169 1171 243 1216 oum
266 1155 377 1217 Maria
405 1155 589 1232 peccatrice
614 1156 831 1232 procumbant
853 1172 912 1233 per
1006 1159 1171 1220 Patientia
1211 1159 1359 1236 sequitur
1398 1159 1638 1231 humilitatem,
1683 1159 1762 1235 quia

117 1253 346 1325 humilitatem,
362 1253 415 1316 vel
438 1253 580 1314 mendici
599 1269 673 1314 curn
688 1254 911 1316 esurientibus
966 1256 1116 1318 Christus
1132 1257 1268 1317 humilis
1283 1256 1345 1318 iuit
1357 1256 1390 1318 et
1402 1257 1531 1333 patiens
1545 1257 1578 1317 in
1592 1256 1759 1334 passione,

119 1366 190 1428 quos
212 1349 377 1412 Dominus
390 1352 491 1428 pavit,
515 1351 556 1412 ad
580 1367 698 1413 manus
721 1355 793 1430 eJus
810 1367 910 1414 acce·
967 1353 1059 1415 Siout
1079 1355 1151 1432 ipse
1165 1355 1245 1416 dicit
1266 1371 1325 1431 per
1343 1355 1543 1417 tenemium:
1568 1357 1640 1430 Epo
1659 1357 1761 1427 occasi

117 1449 188 1510 dant
200 1465 263 1524 per
275 1449 486 1521 munditiam,
502 1449 554 1510 vel
566 1448 677 1511 devoti
692 1465 766 1510 cum
780 1452 911 1512 ioanne
966 1466 1076 1527 agnus
1099 1453 1300 1514 monstratam
1327 1457 1385 1527 out
1406 1451 1571 1527 portatur
1590 1455 1634 1513 ad
1661 1451 1762 1512 victi-

118 1561 208 1622 super
234 1547 357 1623 pectus
380 1545 590 1619 recumbant,
615 1563 715 1624 quum
736 1548 911 1624 justificati
964 1564 1060 1612 ntum
1074 1549 1154 1629 (Jer.
1168 1565 1216 1622 xi,
1232 1548 1295 1628 19).
1307 1549 1457 1611 Christus
1469 1549 1575 1611 dictus
1589 1549 1640 1611 est
1648 1554 1761 1626 Agnus

117 1659 184 1705 oum
206 1645 320 1706 Maria
332 1645 516 1724 justificata
535 1645 577 1706 ad
598 1645 698 1722 caput
711 1645 843 1708 Domini
856 1661 912 1708 as-
965 1648 1099 1724 propter
1122 1646 1342 1708 humilitatem
1373 1646 1405 1708 et
1434 1646 1639 1723 patientiam.
1664 1645 1759 1718 Quia,

117 1741 262 1804 cendant.
966 1744 1053 1806 sicut
1080 1759 1200 1821 agnus,
1228 1759 1303 1806 curn
1330 1743 1370 1804 ad
1392 1743 1594 1804 occisionem
1616 1743 1759 1815 ducitur,

151 1839 202 1898 Sic
226 1838 352 1900 divites
375 1837 539 1900 fimbriam
559 1838 748 1902 vestimenti
771 1839 912 1916 tangunt
965 1858 1027 1903 neo
1042 1840 1162 1904 clamat
1182 1840 1446 1913 necreluctatur,
1460 1841 1507 1901 ita
1520 1839 1670 1900 Christus
1684 1855 1759 1901 cum

117 1951 183 1995 rum
209 1936 365 2008 zachaeo,
394 1937 442 1998 sio
463 1928 646 2015 pudibundi
661 1938 856 2014 pendentem
875 1937 911 1999 in
966 1939 1006 2001 ad
1018 1940 1204 2016 passionem
1220 1938 1406 2010 duceretur,
1421 1955 1488 1998 non
1501 1937 1679 2009 contendit,
1698 1945 1760 1998 nec

117 2033 198 2108 ligno
215 2034 362 2097 adorant
376 2051 450 2096 cum
463 2035 602 2108 latrone,
618 2035 666 2096 sic
677 2034 811 2112 superbi
821 2051 912 2096 mor·
966 2037 1131 2109 clamavit,
1148 2053 1209 2100 nec
1223 2037 1258 2098 in
1273 2036 1392 2114 plateis
1403 2035 1517 2097 audita
1531 2035 1581 2096 est
1595 2051 1660 2096 vor
1674 2037 1758 2112 eJ'us.

118 2134 176 2192 tem
192 2131 320 2194 Christi
334 2134 537 2194 venerantur
550 2149 624 2194 cum
640 2133 847 2204 centurione,
862 2134 911 2194 sic
966 2139 1088 2196 Parum
1108 2135 1197 2196 enim
1221 2134 1284 2196 luit
1295 2137 1363 2195 Deo
1378 2133 1476 2194 homo
1497 2133 1568 2193 deri
1581 2149 1639 2209 pro
1653 2131 1759 2205 nobis,

117 2228 328 2304 desperantes
362 2231 638 2292 resurrectionem
674 2229 798 2292 Christi
836 2247 910 2291 cum
966 2233 1022 2294 sed
1034 2233 1133 2294 etiam
1143 2231 1183 2293 ab
1196 2230 1385 2293 hominibus
1395 2229 1579 2306 reprobari,
1594 2230 1650 2290 sed
1662 2229 1763 2291 exho-

120 2325 284 2402 discipulis
310 2327 502 2405 praedicant.
528 2328 608 2389 Dolo
632 2328 750 2403 igitur,
772 2329 911 2389 Domine
966 2331 1079 2392 norari
1095 2330 1245 2392 etoocidi
1265 2329 1380 2391 voluit.
1398 2328 1508 2390 Vitam
1523 2328 1639 2388 adhoc
1660 2327 1763 2404 depo-

118 2425 197 2494 vesu,
224 2411 306 2484 mea
329 2424 469 2485 vulnera
488 2441 554 2485 non
575 2427 643 2485 tua.
661 2428 726 2486 Pro
741 2440 793 2486 me
806 2425 909 2494 doles,
966 2428 1033 2489 suit
1042 2427 1268 2504 temporalem,
1282 2426 1318 2487 ut
1330 2426 1469 2486 donaret
1482 2425 1576 2485 nobis
1590 2426 1759 2486 aeternam.

120 2521 249 2594 quinon
269 2520 419 2582 habebas
440 2522 526 2583 unde
548 2523 747 2583 doleres.Tu
761 2521 864 2596 doles,
879 2523 911 2584 et
1005 2527 1043 2586 in
1072 2523 1135 2586 hoc
1160 2525 1260 2586 etiam
1284 2523 1440 2583 debemus
1464 2522 1629 2583 Christum
1651 2521 1756 2598 sequi,

119 2633 174 2692 ego
186 2619 336 2694 gaude03
355 2619 388 2680 tu
400 2619 524 2697 ploras,
535 2621 569 2682 et
582 2635 643 2696 ego
657 2619 818 2694 rideo;tu
829 2636 909 2681 cru-
964 2623 1060 2695 idest,
1082 2621 1218 2684 imitari.
1236 2621 1330 2692 Quia,
1354 2619 1440 2680 sicut
1458 2619 1538 2680 dicit
1556 2618 1672 2680 beatus
1693 2620 1762 2679 Pe-

121 2718 327 2792 comportas,
342 2718 375 2778 et
386 2731 449 2792 ego
463 2719 672 2794 peccatorum
686 2717 794 2779 adhuc
809 2733 911 2779 onera
964 2722 1055 2782 trus:
1080 2720 1237 2782 Christum
1245 2733 1370 2794 possus
1391 2717 1443 2779 est
1461 2731 1529 2790 pro
1550 2719 1656 2788 nobis,
1666 2719 1761 2777 vobis

120 2811 256 2886 periero;
279 2814 318 2874 tu
338 2814 438 2875 etiarn
452 2830 511 2892 pro
530 2813 675 2875 inimicis
694 2831 782 2888 oras,
804 2815 910 2892 etego
964 2822 1162 2892 relinquens
1187 2821 1382 2889 coemptum
1403 2815 1441 2875 ut
1463 2816 1657 2888 sequamini
1680 2828 1760 2875 ocs-

122 2911 291 2973 mendacia
305 2912 338 2973 et
351 2911 469 2973 illicita
484 2911 632 2988 proicr03
653 2915 690 2980 tu
715 2929 775 2989 pro
789 2929 841 2974 me
853 2914 909 2973 vi·
964 2916 1110 2992 oesttpro
1125 2918 1199 2986 ejus
1213 2911 1244 2990 (i
1259 2914 1347 2974 Petr.
1360 2927 1396 2984 11,
1412 2910 1477 2991 21).
1495 2912 1534 2972 Et
1551 2911 1587 2972 in
1602 2910 1666 2972 hac
1680 2911 1758 2988 qui-

121 3005 208 3080 giias,
223 3010 256 3070 et
273 3025 337 3086 ego
352 3009 547 3086 voluptuose
559 3009 698 3071 dormio.
709 3012 758 3071 Tu
772 3010 908 3071 nudaris
947 3032 948 3036 ¹
965 3013 1038 3073 dem
1051 3012 1138 3073 serie
1150 3012 1314 3088 impressa
1329 3009 1516 3071 invenimus
1531 3009 1672 3084 vestigia
1686 3007 1762 3068 Sal-

121 3105 312 3168 vestimento
334 3107 403 3178 tuo,
426 3108 459 3168 et
479 3122 540 3193 ego
559 3107 681 3168 induor
705 3123 851 3185 purpura
878 3108 911 3170 et
964 3109 1100 3181 valoris,
1117 3123 1202 3185 quae,
1221 3107 1283 3170 etsi
1302 3123 1322 3168 a
1341 3107 1440 3183 longe
1460 3105 1616 3166 dehemus
1634 3109 1757 3178 tamen,

121 3196 218 3276 bysso.
237 3205 292 3264 'iu
308 3219 366 3280 pro
388 3219 439 3265 me
453 3207 598 3282 jejunas,
616 3205 649 3266 et
662 3221 723 3280 ego
739 3204 909 3282 splendide
964 3208 1062 3284 prout
1089 3221 1274 3283 possumus,
1300 3203 1435 3266 imitari.
1465 3202 1622 3264 Subditnr
1645 3203 1759 3263 enim:

121 3299 235 3373 epulor.
250 3304 305 3362 Tu
319 3301 405 3370 sitis,
420 3304 453 3363 et
465 3317 527 3378 ego
544 3301 703 3364 ebrietate
716 3301 843 3364 madeo.
861 3306 909 3363 Tu
964 3308 1029 3372 oret
1042 3305 1221 3380 peccatum
1234 3303 1402 3377 confecit,
1418 3316 1480 3363 nco
1494 3305 1589 3363 dotus
1601 3300 1761 3362 incertius

121 3398 202 3458 aceto
214 3399 357 3475 potaris,
378 3399 411 3460 et
427 3415 488 3475 ogo
510 3399 711 3477 exquisitum
725 3399 840 3461 vinum
856 3401 910 3460 tn·
964 3403 1016 3464 est
1037 3405 1074 3462 tn
1095 3416 1156 3462 ore
1175 3404 1261 3473 ejus.
1278 3403 1343 3466 Qui
1357 3414 1463 3473 ouum
1482 3397 1761 3469 malediceretur,

122 3493 216 3567 tueor,
232 3513 337 3573 quum
353 3497 501 3559 florescit
515 3499 550 3558 in
565 3496 662 3558 vitro.
964 3515 1032 3561 noo
1046 3498 1267 3560 nmtadiccbat
1281 3485 1310 3576 ’(1
1325 3496 1414 3557 Petr.
1431 3497 1532 3567 11,22,
1547 3493 1613 3572 23).

158 3592 274 3655 Factor
297 3594 387 3655 enim
411 3595 486 3656 coeli
512 3594 617 3656 iactus
641 3594 743 3657 estin
766 3594 907 3672 mund03
1005 3595 1067 3658 Ubi
1082 3595 1148 3656 tria
1168 3595 1377 3672 peccatorum
1396 3607 1519 3669 genera
1543 3591 1764 3667 designantur

127 3690 248 3752 creator
261 3690 340 3752 coeli
354 3693 485 3754 creatus
502 3692 552 3754 est
569 3691 629 3753 sub
649 3693 747 3768 coelo;
764 3693 910 3770 plasma·
964 3694 1028 3756 eta
1043 3693 1174 3755 Christo
1188 3691 1410 3763 removentur,
1423 3691 1594 3768 peccatum
1606 3689 1763 3751 videlicet

126 3785 173 3845 tor
185 3787 330 3850 hominis
345 3789 443 3851 homo
460 3789 533 3851 iteri
552 3789 706 3866 dignatus
726 3791 786 3852 est.
804 3792 910 3853 Filius
964 3791 1176 3869 cogitationis
1192 3807 1266 3852 cum
1282 3789 1423 3852 dicitur:
1442 3789 1537 3850 dolus
1551 3803 1619 3849 non
1638 3788 1689 3849 est
1703 3787 1761 3848 in·
1830 3825 1834 3830 -

126 3881 177 3944 ilci
194 3885 283 3947 tilius
299 3885 444 3948 hominis
466 3887 539 3948 fieri
561 3903 627 3949 non
650 3889 810 3966 despexit,
831 3889 910 3967 quia
964 3891 1081 3952 ventus
1097 3890 1132 3950 in
1157 3905 1214 3950 ore
1235 3890 1325 3965 ejus3
1347 3903 1489 3964 namque
1513 3901 1556 3946 ex
1579 3883 1678 3947 corde
1700 3888 1760 3946 est.

123 3981 248 4044 verbum
262 3999 341 4046 caro
359 3984 480 4047 iactum
502 3984 554 4046 est
570 3987 602 4046 et
616 3985 778 4047 habitavit
798 3987 833 4046 in
848 4002 911 4047 no-
965 3987 1141 4048 Peccatum
1169 3984 1359 4053 locutionis,
1387 3989 1461 4045 curh
1493 3983 1634 4044 dicitur:
1662 3999 1761 4059 quum

124 4073 176 4140 bis.
192 4081 402 4143 infirmitates
415 4082 558 4156 nostras,
569 4079 703 4155 samem,
719 4083 820 4152 sitim,
836 4084 909 4144 las·
964 4082 1220 4146 malediceretur
1247 4097 1314 4142 non
1342 4078 1609 4142 remaledicebat.
1632 4081 1762 4139 Pecca-

124 4175 291 4240 situdinem
317 4180 351 4241 et
375 4181 512 4242 caeteros
535 4181 724 4258 corporales
749 4179 907 4255 deiectus,
964 4184 1034 4244 tum
1049 4179 1264 4259 operationis,
1281 4194 1382 4255 quum
1403 4177 1545 4239 dicitur:
1569 4176 1625 4254 qui
1639 4191 1761 4253 pecca·

125 4277 233 4347 prater
251 4278 435 4355 peccatum,
461 4277 530 4354 pati
554 4293 621 4339 non
651 4277 791 4340 horruit.
816 4278 909 4341 Unde
964 4281 1034 4342 turn
1046 4277 1212 4340 noniecit.
1229 4277 1269 4338 nt
1283 4275 1355 4337 haec
1373 4276 1451 4336 sunt
1464 4275 1529 4336 tria
1545 4273 1760 4346 universalia,

126 4370 238 4435 isaias:
261 4379 347 4436 Vero
370 4377 651 4438 dotoresnostros
669 4380 742 4451 ipsc
764 4377 852 4450 tulit,
876 4377 910 4439 et
964 4377 1129 4456 inquibus
1145 4374 1292 4437 omnium
1305 4375 1517 4450 peccatorum
1531 4386 1656 4445 genera
1671 4385 1766 4432 com-

125 4471 245 4535 ctotores
266 4475 404 4534 nostros
422 4477 495 4548 ipso
504 4473 664 4550 portauit
687 4472 745 4550 (is.
767 4489 840 4543 mu,
863 4474 908 4554 4).
964 4475 1231 4555 prehenduntur:
1248 4474 1418 4550 peccatum
1441 4471 1569 4533 scilicet
1585 4469 1764 4545 cogitatio-

125 4564 190 4628 Non
214 4571 304 4632 enim
329 4570 428 4646 elegit
453 4570 517 4631 sibi
538 4570 651 4647 regale
675 4571 846 4648 palatium,
873 4573 909 4635 in
965 4575 1029 4646 nis,
1047 4573 1223 4636 locutionis
1236 4571 1269 4632 et
1282 4569 1435 4631 actionis.
1459 4571 1505 4630 De
1520 4568 1627 4646 primo
1642 4567 1766 4628 dicitur

127 4677 181 4740 quo
205 4669 410 4740 nasceretur,
439 4669 495 4729 sed
520 4668 621 4744 elegit
641 4670 851 4747 praesepium,
875 4673 911 4732 ut
965 4673 999 4733 in
1013 4671 1118 4733 isaia:
1132 4670 1275 4745 Atcscrte
1285 4673 1416 4729 mutum
1428 4667 1677 4743 cogitationum
1691 4677 1768 4727 ocs-

127 4763 401 4842 ostenderetquod
417 4767 490 4843 ipse
505 4768 592 4828 esset
607 4766 700 4827 cibus
718 4769 910 4830 sanctorum
966 4771 1105 4832 trorum
1120 4771 1161 4829 ab
1185 4769 1290 4828 oculis
1310 4769 1397 4826 mets
1420 4761 1477 4843 (ls.
1502 4762 1607 4841 1,16).
1634 4765 1681 4824 Ite
1704 4779 1766 4824 se-

127 4859 309 4924 animalium
325 4864 381 4941 qui
391 4863 476 4925 dixit
490 4885 496 4925 ε
511 4868 584 4940 Epo
598 4879 677 4925 sulm
693 4869 796 4939 ponis
811 4870 911 4928 ciuus
966 4867 1094 4929 cundo:
1111 4879 1306 4940 ortorumos
1321 4863 1557 4924 maledictione
1571 4861 1605 4924 ct
1626 4865 1766 4924 amort-

127 4962 177 5029 put
201 4967 241 5024 dc
267 4967 349 5024 caeto
377 4965 544 5024 descendi.
570 4965 608 5022 St
631 4966 707 5036 ouis
729 4967 912 5028 manduco·
966 4966 1084 5026 tudine
1094 4969 1236 5037 plenum
1252 4964 1303 5024 est
1319 4958 1428 5039 (Rom.
1442 4974 1492 5032 111,
1508 4958 1572 5039 14).
1587 4961 1633 5021 De
1648 4961 1767 5023 tertio:

128 5059 207 5119 verit
220 5063 337 5122 ecboc
349 5073 450 5133 porte,
463 5059 909 5140 oiocttaaetornum(.ioan.
966 5063 1140 5134 lactantur,
1161 5076 1241 5125 cum
1266 5059 1514 5134 malefecerint,
1545 5059 1579 5120 et
1607 5059 1768 5121 occultant

128 5165 167 5223 vr,
180 5156 227 5229 51,
244 5158 310 5238 52).
328 5155 422 5218 Unde
434 5157 470 5217 in
483 5157 663 5234 Evangelio
684 5157 805 5234 legitur
825 5161 911 5236 quod
966 5165 1004 5222 tn
1015 5163 1118 5222 robus
1128 5162 1292 5233 possimis
1308 5156 1420 5236 (Prov.
1434 5171 1470 5228 11,
1488 5155 1553 5235 14).
1570 5156 1665 5228 Quia,
1683 5156 1770 5218 sicut

129 5253 222 5314 nater
235 5271 295 5315 sua
307 5254 486 5317 reclinavit
503 5269 578 5316 eum
592 5256 628 5316 in
641 5257 814 5334 praesepio,
834 5259 912 5336 quia
967 5258 1047 5320 dicit
1071 5258 1271 5334 Gregorius:
1288 5271 1306 5316 c
1329 5253 1412 5326 Quid
1436 5254 1534 5314 homo
1563 5269 1623 5330 pro
1645 5269 1680 5315 sc
1701 5254 1770 5332 pati

129 5352 264 5414 nouerat
278 5353 310 5412 ei
331 5353 424 5413 locus
439 5352 475 5412 in
495 5351 691 5414 diversorio.
713 5354 858 5416 Proinde
880 5357 913 5419 et
967 5357 1083 5429 debet,
1121 5355 1150 5415 si
1184 5353 1277 5415 tanta
1311 5367 1371 5428 pro
1408 5350 1597 5412 bominibus
1635 5352 1771 5429 pertulit

130 5457 181 5507 nos
201 5449 414 5511 humiliemur
428 5465 503 5510 cum
521 5451 606 5528 ipso,
630 5451 708 5528 quia
724 5469 822 5531 quarn
846 5455 912 5518 cito
967 5455 1111 5515 beust»
1130 5451 1225 5514 Unde
1249 5448 1426 5526 Apostolus
1455 5449 1611 5511 admonet
1633 5449 1769 5510 dicens:

129 5547 306 5610 mandatum
322 5547 470 5608 divinum
486 5549 738 5623 contemnimus,
764 5553 831 5612 tam
846 5552 911 5614 cito
967 5555 1010 5613 in
1025 5550 1243 5612 tribulatione
1252 5547 1426 5622 potientes
1439 5545 1550 5627 (Rom.
1564 5561 1625 5619 ιη,
1643 5545 1708 5626 12).

131 5645 232 5706 contra
246 5649 357 5707 Deum
370 5645 588 5722 superbimus,
603 5647 636 5708 et
648 5663 747 5725 quam
768 5650 833 5711 cito
852 5666 912 5727 pro
935 5725 936 5730 ἵ
1009 5651 1046 5710 in
1059 5645 1274 5709 tribulatione
1290 5645 1454 5721 patientes
1475 5646 1562 5717 sunt,
1580 5644 1636 5720 qui
1652 5645 1770 5707 contra

131 5744 251 5814 peccato
270 5743 532 5821 compungimur,
549 5745 616 5807 tam
639 5745 704 5806 cito
717 5761 828 5810 coram
845 5751 912 5811 ileo
969 5745 1092 5826 eosqui
1106 5745 1169 5806 sibi
1180 5742 1424 5806 maledicuntet
1436 5741 1771 5815 malefaciunt,nullo
