4122 6308
366 322 424 384 891
1948 315 2000 376 sei

369 483 536 556 tunquam
548 489 631 541 cern
645 471 832 548 liquescens
849 471 888 532 in
902 471 1014 534 medio
1031 469 1165 532 centris
1219 466 1391 545 discipulis
1406 470 1476 532 suis
1492 469 1605 534 multis
1619 469 1737 538 modis.
1758 470 1906 536 Ostendit
1920 474 1999 536 euim

367 570 680 657 mei(Ps.21‚15).
1217 565 1457 643 benignitatem
1491 585 1584 631 suam
1621 569 1730 633 dando
1777 569 2014 634 abundantiamx

336 709 340 716 ·
408 680 455 740 Da
472 689 548 736 cera
562 672 702 733 iacimus
721 683 864 738 cereum,
881 666 914 728 et
927 665 963 726 in
985 679 1081 726 cereo
1099 663 1164 726 tria
1218 679 1330 726 rerum
1355 666 1603 744 temporalium3
1637 668 1784 730 ostendit
1816 668 1998 731 charitatem

370 775 448 838 sunt
463 771 619 841 notanda,
641 767 812 838 videlicet,
836 780 924 836 cera,
950 779 1107 841 papyrus,
1132 762 1165 824 et
1220 778 1315 823 suam
1351 763 1577 827 distribuendo
1608 767 1694 827 dona
1722 766 1904 843 gratianum
1934 770 1997 845 spi-

370 874 469 951 ignis.
488 874 555 932 Per
568 883 689 937 ceram,
708 879 806 942 quam
827 864 985 940 operatur
1004 861 1077 938 'apis
1092 861 1164 921 sine
1219 859 1412 936 ritualium3
1442 863 1585 924 ostendit
1618 864 1883 926 misericordiam
1915 881 1998 926 suam

829 308 1006 370 HONORII
1028 308 1073 370 111
1095 307 1243 406 ophni.
1260 335 1297 352 ·-
1314 307 1547 372 SERMONES.

371 1084 445 1147 quae
461 1081 527 1128 uon
542 1059 812 1138 exsanguinibus
825 1073 930 1135 neque
941 1073 984 1118 ex
996 1055 1165 1118 voluntate
1218 1055 1387 1132 catorum;
1413 1057 1558 1120 ostendit
1577 1059 1718 1135 gloriam
1741 1075 1838 1120 suam
1858 1061 1892 1120 iu
1906 1063 1998 1122 sacris

368 1165 434 1230 riri
454 1163 566 1226 creata
586 1160 646 1233 est,
670 1157 728 1221 sed
748 1171 848 1235 opere
873 1155 1016 1233 Spiritus
1039 1152 1162 1215 Sancti.
1220 1153 1399 1230 scripturis
1423 1154 1531 1217 dando
1554 1157 1807 1220 retributionem
1831 1157 1996 1220 caelestium

369 1263 464 1328 Unde
476 1263 548 1339 ipse
561 1255 621 1337 per
635 1255 845 1319 Psalmistam
858 1269 865 1310 ε
880 1253 1027 1314 Factum
1038 1249 1165 1312 osteor
1219 1250 1442 1328 praemiorum.
1465 1255 1512 1315 De
1533 1255 1640 1332 primo
1662 1254 1788 1316 dicitur
1811 1255 1846 1315 in
1863 1257 2014 1336 Evarrge-¹

368 1377 486 1424 meum
499 1360 664 1432 tunquam
681 1369 774 1416 cera.
789 1355 854 1413 Per
868 1365 1029 1428 papyrum
1053 1349 1164 1410 anima
1218 1347 1263 1409 lio
1278 1369 1285 1408 :
1303 1351 1367 1416 Qui
1386 1347 1492 1412 solem
1510 1365 1614 1414 snum
1627 1355 1717 1414 omri
1735 1353 1822 1427 facil
1834 1367 1934 1428 super
1949 1356 1997 1416 do-

369 1459 575 1534 designatur,
588 1453 767 1531 perignem
778 1447 947 1511 divinitas.
963 1447 1056 1509 Unde
1071 1449 1162 1507 Pau·
1218 1459 1281 1506 rios
1296 1447 1330 1507 el
1343 1452 1462 1521 annos,
1475 1449 1510 1509 cl
1518 1450 1607 1523 pluit
1620 1450 1850 1524 superjusios
1861 1451 1998 1522 elisius-

368 1556 421 1618 ius
435 1576 441 1616 :
456 1558 548 1615 Deus
569 1551 796 1626 nestorianis
816 1561 1022 1608 consumens
1046 1545 1109 1606 esi.
1125 1545 1165 1605 ut
1219 1543 1271 1604 ios
1283 1540 1413 1623 (Matth.
1430 1560 1465 1615 v,
1480 1544 1546 1626 45).
1565 1545 1619 1608 sic
1638 1545 1890 1622 intelligendum
1908 1547 1952 1608 est
1964 1548 1996 1608 de

368 1653 456 1715 sicut
469 1649 556 1727 ignis
570 1646 763 1709 accenditur
776 1646 812 1707 in
825 1659 901 1705 cera
917 1657 976 1720 per
990 1657 1161 1719 papyrum,
1218 1641 1348 1703 caeteris
1368 1641 1552 1704 beneflciis.
1577 1646 1623 1706 De
1645 1643 1793 1706 secundo
1816 1644 1994 1720 Apostolus:

370 1752 417 1813 ita
446 1747 606 1810 divinitas
633 1744 725 1806 unita
750 1745 801 1805 est
822 1741 926 1814 carni,
954 1733 1066 1802 anima
1093 1755 1165 1799 me-
1217 1741 1285 1800 Alii
1297 1755 1363 1814 per
1381 1742 1551 1815 spineam
1565 1743 1671 1804 duur
1688 1756 1807 1804 seiano
1824 1743 1994 1815 sapientie,

370 1847 494 1909 diante.
518 1847 597 1906 Haec
617 1843 707 1904 enim
722 1841 788 1902 iria
810 1839 944 1901 suerunt
964 1839 999 1900 in
1020 1835 1162 1898 Christo.
1218 1839 1277 1897 ciii
1288 1851 1402 1899 selino
1416 1840 1570 1901 oetentiae
1585 1837 1614 1919 (Ι
1629 1841 1702 1901 Gor.
1719 1855 1781 1912 xu,
1799 1837 1844 1918 8).
1861 1841 1904 1900 De
1914 1841 1996 1900 terlio

370 1945 460 2022 ignis
475 1959 542 2003 non
556 1942 645 2002 lucet
658 1920 731 2000 ¹sine
743 1953 819 2000 cera
834 1938 867 1999 et
879 1952 1015 2014 papyro,
1028 1936 1060 1998 et
1074 1933 1163 1995 divi·
1219 1933 1323 1995 isaias
1335 1935 1370 1996 in
1380 1951 1522 2013 persona
1533 1937 1670 1999 Christi:
1682 1941 1758 2015 Epo
1768 1941 1911 2012 snmcui
1919 1941 1995 1998 deleo

369 2043 458 2104 nitas
473 2039 596 2101 Christi
611 2054 676 2099 nou
687 2035 910 2113 potestvideri
923 2031 1164 2096 abdominibus
1219 2033 1418 2106 iniquitates
1438 2035 1516 2096 tuus
1538 2033 1596 2114 (is.
1619 2051 1716 2107 nuru,
1735 2031 1801 2104 25).
1823 2036 1862 2096 ut
1877 2035 1909 2095 iu
1929 2037 1997 2095 lize-

370 2139 437 2201 uisi
463 2153 522 2215 per
544 2136 747 2211 assumptam
771 2132 1026 2204 humanitatem,
1056 2129 1162 2202 idest,
1219 2129 1346 2192 ohiele:
1363 2133 1580 2207 Quaenniqne
1597 2137 1684 2194 noro
1695 2133 1995 2208 peccalorconuen

370 2237 516 2300 animam
527 2235 560 2296 et
571 2247 715 2296 carnem.
729 2234 812 2292 Cera
826 2246 893 2291 uon
907 2229 995 2291 lucet
1011 2228 1077 2290 nisi
1090 2229 1165 2304 igne
1218 2243 1279 2289 sus
1291 2230 1436 2302 mciii...
1455 2227 1586 2308 (Ezech.
1601 2245 1726 2303 xxx111,
1746 2228 1811 2310 12.)
1831 2233 1876 2291 De
1895 2230 1994 2306 quarto

370 2333 565 2411 liquefacta,
589 2345 652 2392 nec
668 2345 726 2391 cor
744 2328 889 2390 hominis
911 2326 1008 2399 lucet,
1022 2326 1089 2386 uisi
1113 2325 1167 2386 iu·
1219 2328 1408 2388 ioannesiu
1425 2327 1594 2405 Epistola:
1609 2331 1825 2400 Charmnnn,
1850 2343 1933 2389 nunc
1943 2329 1994 2399 iiii

371 2430 576 2494 flammatum
598 2427 642 2490 sit
664 2428 742 2503 igue
761 2425 865 2488 divini
885 2425 1019 2487 amoris.
1035 2427 1082 2486 iia
1101 2439 1165 2501 quo
1220 2427 1425 2498 Deisnnens,
1442 2427 1644 2488 sinendum
1664 2429 1831 2500 apparuit
1845 2428 1919 2500 qnid
1936 2427 1994 2484 eri-

370 2529 529 2591 Dominus
551 2525 632 2587 dicit
654 2525 690 2586 iu
713 2524 912 2601 Evangelio:
942 2525 1064 2599 lenem
1086 2525 1166 2584 ceni
1219 2537 1308 2584 neus.
1322 2525 1631 2598 Scimuscuoniune
1642 2539 1721 2586 mm
1729 2523 1937 2599 appenni-il,
1950 2525 1991 2582 si-

369 2627 510 2689 miiiere
522 2628 560 2686 in
573 2625 717 2695 terram,
738 2623 772 2684 et
785 2625 951 2696 puidcoio
968 2619 1095 2700 nisigni
1107 2633 1167 2680 uc-
1219 2623 1317 2682 miles
1338 2623 1371 2681 ei
1386 2624 1529 2693 erimus,
1552 2623 1634 2695 cuia
1653 2636 1733 2683 mern
1757 2623 1936 2682 uincimus
1951 2620 1992 2678 si-

369 2720 668 2800 cendaiurl(Luc.
682 2723 742 2793 xri,
756 2716 822 2798 40).
1220 2718 1356 2780 cuiiesi
1372 2715 1542 2796 (ioanul,
1558 2715 1605 2798 2).

409 2821 475 2883 Mel
491 2819 662 2883 iuvenitur
673 2817 709 2878 iu
728 2832 805 2879 cera
820 2832 917 2890 nora,
931 2815 1009 2894 quia
1028 2813 1166 2878 dulcedo

348 2963 350 2970 ,
371 2917 476 2980 divini
498 2915 622 2978 amoris
644 2915 755 2976 sedem
775 2913 875 2976 habet
898 2913 933 2974 iu
952 2911 1062 2986 corda,
1080 2913 1166 2991 quod

370 3017 407 3078 iu
433 3015 579 3078 novitate
603 3013 681 3076 vitae
708 3012 825 3088 incipit
850 3010 1031 3073 ambulare.
1057 3013 1166 3074 Ferus

370 3128 452 3188 ergo
467 3111 587 3184 mellis,
611 3110 668 3188 qui
682 3124 792 3170 ceram
809 3109 843 3170 et
860 3107 925 3168 mei
939 3105 1038 3168 simul
1060 3108 1168 3168 couti-

370 3209 438 3281 uei,
468 3209 520 3270 est
552 3205 787 3282 contemplatio
812 3205 947 3267 aeiernae
974 3202 1165 3286 suavitatis,

371 3321 445 3386 quae
461 3321 518 3368 cor
539 3305 572 3366 et
591 3304 798 3366 dulcedinem
820 3302 930 3364 cordis
953 3301 1052 3363 simul
1075 3317 1167 3364 com-

370 3403 537 3483 plectitur.
556 3401 703 3464 Offertur
721 3401 833 3478 itaque
847 3400 986 3462 Domino
1008 3399 1083 3477 post
1105 3415 1165 3461 as-

369 3519 444 3564 sum
464 3501 590 3579 piscem
604 3500 700 3561 favus
714 3499 834 3573 mellis,
858 3497 936 3575 quia
951 3497 1025 3574 post
1041 3497 1167 3560 coutri-

368 3600 506 3672 tiouem,
523 3614 588 3676 qua
605 3597 745 3659 dicimus
764 3612 838 3658 cum
854 3595 1035 3673 Propheta:
1051 3599 1167 3658 wibu-

367 3697 513 3759 laliones
550 3697 665 3758 cordis
698 3698 768 3756 niet
800 3694 953 3756 diuetutce
985 3695 1078 3766 suni,
1124 3697 1166 3756 de

368 3792 628 3854 necessitatibus
650 3794 739 3853 nien
759 3794 856 3864 eripe
872 3804 929 3852 me
946 3788 1163 3870 (Ps.2i,17)‚
1192 3817 1196 3835 ι

371 3889 514 3968 spirltus
540 3888 674 3956 sauctus
693 3887 842 3950 immittit
868 3887 903 3949 in
924 3886 1020 3950 uobis
1047 3886 1164 3948 dulce-

370 3986 481 4049 dinem
502 3985 624 4048 diriuae
646 3985 945 4063 contemplationis.
974 3985 1067 4048 Unde
1091 3984 1165 4046 ola-

370 4101 499 4148 mamus
514 4100 589 4146 cum
600 4083 781 4162 Propheta:
792 4087 902 4151 Quin
910 4085 1167 4160 mpnamulii-

373 4181 453 4245 ludo
466 4185 653 4244 dimidiatis
665 4183 745 4254 iuoe,
757 4185 941 4245 Domine...
953 4178 1022 4262 (Ps.
1036 4183 1086 4255 30,
1098 4181 1164 4262 20).

410 4281 450 4342 Et
463 4279 645 4341 notandum
661 4278 747 4356 quod
765 4279 852 4340 sicut
864 4279 930 4340 mel
950 4278 990 4340 de
1007 4294 1084 4340 cera
1099 4295 1166 4342 nou

371 4375 515 4448 elicitur,
536 4375 601 4436 uisi
629 4391 705 4437 cera
724 4373 796 4452 ipsa
816 4377 998 4452 prematur,
1020 4377 1068 4438 ita
1092 4376 1168 4437 dui-

370 4473 451 4535 cedo
466 4473 507 4533 de
522 4472 622 4534 corde
636 4488 702 4533 non
715 4471 822 4534 effluit
834 4473 901 4533 nisi
916 4488 975 4534 cor
985 4473 1095 4551 ipsum
1110 4474 1167 4534 diu

370 4570 603 4633 amaritudinis
624 4569 658 4632 et
680 4569 879 4632 humilitatis
903 4569 1007 4649 praelo
1034 4586 1170 4650 prema-

369 4665 497 4748 tumr).

371 5047 416 5109 IN
446 5047 609 5110 Odrava
641 5049 833 5110 PASCHAE.
850 5051 977 5114 sunia
998 5052 1167 5124 annru

411 5199 650 5274 Maieiiesluvii
668 5214 706 5262 se
720 5203 823 5262 lesus
837 5203 1014 5278 discipulis
1023 5206 1102 5264 sitis
1122 5207 1167 5264 ud

370 5309 472 5356 neure
486 5297 673 5360 libencdis
686 5295 718 5376 (J
721 5313 796 5360 oau.
812 5315 883 5372 xxr,
901 5297 945 5378 1).

299 5473 303 5481 Ι
411 5392 460 5454 Ad
475 5407 566 5454 mare
581 5393 765 5458 Tiberiadis
780 5395 1006 5461 manifestavit
1021 5414 1057 5459 se
1070 5401 1166 5461 lesus

409 5549 449 5624 (l)
464 5549 508 5608 nd
528 5547 615 5624 hujus
635 5555 777 5613 sermonis
798 5555 1039 5631 complementum
1061 5557 1167 5632 aliquid

372 5637 528 5698 desiderari
545 5638 664 5699 videtur.
721 5639 722 5644 ’

1260 2817 1420 2877 Dominus
1431 2819 1529 2878 iesus
1541 2815 1720 2895 aliquando
1731 2813 1915 2877 manifestat
1925 2811 1991 2873 sein

1221 2913 1317 2986 mari,
1341 2914 1520 2991 aliquando
1539 2914 1580 2975 ad
1602 2929 1705 2975 mare.
1726 2918 1772 2976 ln
1785 2915 1886 2986 muri,
1911 2911 1987 2979 idest,

1221 3011 1256 3073 iu
1271 3011 1393 3073 mundo
1405 3027 1442 3072 se
1454 3011 1654 3084 manifestat,
1671 3011 1805 3088 quando
1819 3026 1876 3089 per
1893 3007 1992 3068 risibi-

1220 3109 1266 3170 lia
1289 3125 1390 3187 opera
1413 3109 1527 3170 mundi
1556 3125 1651 3170 suam
1681 3109 1825 3186 gloriam
1855 3105 1988 3168 declarat.

1220 3205 1320 3268 Verbi
1335 3207 1466 3283 gratia:
1482 3206 1633 3269 ridemus
1647 3205 1856 3284 splendorem
1874 3203 1952 3270 solis,
1965 3200 1990 3261 et

1221 3303 1329 3380 qualis
1349 3305 1381 3366 et
1396 3305 1537 3382 quantus
1554 3305 1615 3376 est,
1632 3304 1797 3381 quomodo
1816 3303 1907 3372 lucet,
1922 3313 1990 3377 quo-

1221 3403 1317 3464 modo
1332 3402 1492 3480 splendet,
1509 3402 1671 3480 quomodo
1691 3402 1790 3464 calet.
1812 3400 1892 3463 iiiuc
1905 3396 1988 3458 dehe-

1220 3517 1294 3562 mus
1316 3501 1474 3577 colligere
1498 3500 1606 3576 quaiis
1624 3500 1688 3561 erit
1710 3498 1772 3561 lux
1789 3498 1946 3561 beatorum
1961 3493 1987 3553 iu

1219 3599 1474 3661 resurrectione.
1486 3595 1532 3658 De
1543 3613 1608 3674 qua
1621 3597 1726 3659 isaias
1739 3597 1820 3658 dicit
1830 3618 1837 3656 :
1846 3595 1988 3658 Duninus

1220 3697 1288 3758 erit
1313 3699 1350 3756 in
1372 3701 1482 3758 lucem
1508 3696 1760 3770 sempiternam
1783 3693 1839 3774 (is.
1864 3707 1913 3762 ux,
1937 3689 1987 3766 00).

1221 3792 1314 3853 Unda
1328 3793 1364 3854 in
1379 3791 1478 3854 Libro
1498 3793 1698 3869 Sapientiae:
1720 3789 1903 3869 itdpebuni
1916 3785 1988 3860 justi

1219 3885 1986 3969 sicuisolinrcpnoPairiseornm(sap.u1‚i;

1220 3987 1336 4050 Matth.
1352 4003 1425 4060 run,
1442 3986 1505 4066 43).
1523 3988 1604 4051 item
1617 3989 1790 4064 gustamus
1808 3984 1908 4048 mellis
1927 3978 1987 4042 dul·

1221 4085 1381 4148 oedinem.
1409 4086 1495 4147 Hinc
1521 4084 1716 4161 colligamus
1742 4083 1935 4146 dulcedinem
1954 4075 1987 4136 il-

1220 4184 1298 4254 lam,
1326 4184 1366 4246 de
1385 4199 1449 4261 qua
1471 4183 1551 4244 dicit
1573 4182 1698 4244 David:
1728 4183 1861 4249 Quanta
1883 4187 1986 4252 nuelli

1219 4283 1400 4344 midiliudo
1411 4282 1597 4343 dulcedinis
1612 4281 1691 4352 inus,
1712 4283 1855 4342 Domine
1875 4275 1934 4356 (Ps.
1947 4271 1985 4341 sd,

1221 4377 1286 4460 20).
1301 4379 1340 4442 ut
1352 4378 1400 4441 sic
1415 4374 1455 4439 de
1470 4379 1599 4440 caeoeris
1613 4376 1710 4439 bonis
1725 4377 1848 4439 mundi.
2013 4425 2014 4432 ,

1261 4475 1452 4538 Manifestat
1462 4491 1498 4537 se
1510 4477 1554 4536 ud
1565 4489 1676 4548 mure,
1690 4474 1787 4548 idest,
1799 4472 1889 4552 juxta
1902 4479 1985 4529 mare,

1222 4577 1259 4635 in
1273 4574 1397 4646 littore,
1415 4572 1510 4647 idest,
1531 4573 1567 4633 iu
1588 4573 1680 4634 terra
1698 4571 1885 4635 urentium.
1905 4569 1985 4626 'lema

1222 4668 1403 4733 urentium
1417 4671 1468 4732 est
1478 4686 1552 4748 quae
1561 4669 1803 4748 repromittitur
1814 4666 1926 4734 electis,
1939 4675 1984 4720 su·

1222 4782 1282 4843 per
1308 4782 1404 4843 quam
1426 4769 1550 4830 terram
1571 4768 1722 4846 quisquis
1746 4767 1810 4830 erit
1832 4766 1983 4838 longevus,

1222 4863 1308 4926 idest
1321 4865 1410 4927 vivet
1432 4865 1586 4926 aeternus.
1604 4865 1710 4928 Littus
1726 4864 1827 4927 maris
1849 4849 1985 4936 siguificat

1223 4961 1366 5037 quietem
1385 4955 1418 5022 et
1445 4975 1572 5038 pacem,
1598 4962 1677 5039 quia
1696 4963 1783 5023 Deus
1809 4962 1842 5022 et
1860 4954 1939 5035 pacis
1961 4947 1985 5007 et

1221 5057 1470 5135 tranquillitatis
1485 5057 1546 5132 est,
1563 5075 1629 5121 nou
1642 5056 1878 5121 amaritudinis.

1261 5156 1339 5217 Tria
1376 5157 1452 5218 sunt
1482 5173 1606 5234 genera
1641 5156 1875 5225 amaritudinis,
1907 5143 1981 5211 inest,

1222 5253 1308 5332 quod
1324 5253 1423 5316 habet
1436 5271 1580 5331 poenam,
1607 5257 1693 5333 quod
1708 5255 1808 5317 habet
1828 5246 1980 5331 praemium.

1222 5351 1307 5430 quod
1323 5349 1423 5414 habet
1433 5355 1597 5414 neutrum.
1611 5352 1805 5415 amaritudo
1818 5339 1981 5428 perversita-
2013 5389 2014 5392 ,

1221 5449 1264 5512 tis
1293 5447 1392 5511 hahet
1428 5466 1570 5526 poenam,
1607 5451 1741 5528 quando
1770 5450 1862 5511 homo
1885 5437 1982 5520 patitui

1221 5548 1377 5613 damnum
1392 5563 1503 5608 rerum
1526 5563 1673 5622 suarum,
1694 5549 1848 5626 iujmiam
1862 5531 1980 5615 corporis

1222 5643 1272 5704 sui
1286 5645 1319 5704 et
1333 5643 1654 5722 consanguineorum
1674 5659 1807 5706 suorum
1826 5643 1855 5704 et
1869 5637 1979 5699 aliarum
2013 5719 2014 5722 Ἴ
