3954 6358
53 381 109 472 ⁷5³
470 383 515 449 nv
538 385 877 462 adunassemus.
900 386 1106 457 nonnum
1126 385 1271 456 enini.
1633 395 1702 486 iia¹

53 561 136 610 riam
166 547 276 608 Deam
306 539 414 610 taam.
447 541 531 612 Ecce
560 544 682 612 iterum
714 550 845 614 scutum
898 551 1023 614 ludaeis
1038 551 1187 631 crucldgl
1201 554 1236 616 et
1249 553 1407 618 lanceari.
1416 556 1603 634 assumpsit
1616 565 1692 620 euin

54 643 239 721 scriptura.
264 643 370 707 Stulta
384 644 446 708 iuit
460 648 633 724 persuasio
648 647 773 711 diaboli
788 649 844 728 qui
899 648 1061 722 diabolus,
1086 649 1182 723 idest,
1204 652 1362 714 tentando
1385 651 1509 715 invasit
1529 653 1562 716 et
1579 651 1693 716 statuit

53 735 119 804 filio
140 741 197 803 Dei
218 741 304 804 dixit
326 763 334 802 :
356 745 457 806 Mitte
472 746 505 806 te
519 748 690 808 deorsam.
709 747 844 810 Rectius
898 762 974 808 eum
1001 764 1101 825 super
1116 748 1330 826 pinnaculum
1352 750 1478 828 templi.
1503 751 1611 813 Pinna
1638 750 1693 813 vei

52 840 137 901 enim
152 839 296 901 diceret:
312 843 351 901 Si
370 845 480 903 Filias
497 847 563 904 Dei
576 858 624 916 es,
645 848 789 908 assertae
807 849 844 906 ia
897 843 1112 920 pinnaculum
1125 845 1238 923 templi
1250 845 1490 924 estiastigium,
1504 847 1590 910 idest
1601 864 1693 926 quae-

53 943 182 1010 coelam,
199 938 284 1015 quod
300 937 329 997 si
343 936 645 1011 iaceret,aeternum
663 958 699 1004 se
713 942 772 1004 Dei
787 943 845 1004 Fi·
898 941 973 1002 dam
996 941 1135 1004 altitudo
1159 958 1259 1020 supra
1274 944 1398 1006 domos.
1424 945 1580 1007 solebant
1603 945 1692 1006 enim

54 1033 133 1096 lium
153 1033 391 1112 comprobaret.
412 1035 550 1100 Diabolo
573 1038 728 1103 convenit
747 1039 785 1101 ut
807 1039 843 1101 in
897 1038 1042 1116 antiqui,
1066 1039 1153 1102 sieut
1175 1040 1283 1101 adhuc
1306 1041 1343 1104 iit
1364 1043 1399 1103 in
1418 1042 1567 1119 pluribus
1595 1042 1690 1116 locis,

50 1131 268 1210 praecipitium
284 1135 349 1194 eat.
898 1137 1071 1213 superiora
1095 1136 1267 1199 domorum
1286 1140 1344 1201 aut
1365 1140 1562 1217 templorum
1581 1139 1693 1202 iacere

86 1232 123 1291 ln
137 1229 236 1292 tertia
250 1231 432 1294 tentatione
447 1232 628 1310 assumpsit
641 1248 717 1296 eum
732 1232 842 1296 diabo·
897 1233 996 1311 plano
1024 1234 1211 1308 schemate,
1238 1237 1275 1298 ut
1301 1236 1357 1297 ubi
1382 1237 1518 1314 possent
1542 1238 1631 1300 stare
1659 1237 1693 1299 et

50 1325 99 1387 lus
117 1327 153 1387 in
174 1328 318 1390 montem
337 1330 506 1392 excelsum
521 1331 628 1404 valde,
650 1333 684 1393 et
700 1331 844 1395 ostendit
897 1347 996 1422 agere
1007 1331 1086 1409 quid
1097 1333 1231 1396 vellent.
1249 1333 1343 1396 Unde
1355 1335 1514 1397 Dominus
1529 1334 1570 1395 ad
1581 1337 1691 1412 Apos-

50 1425 79 1488 ei
93 1425 204 1486 omnia
227 1441 331 1502 regna
350 1428 464 1489 mundi
487 1429 521 1490 et
543 1427 703 1490 honorem
727 1445 842 1492 eornm
896 1429 981 1491 tolos
998 1447 1006 1485 τ
1023 1433 1116 1497 Quod
1129 1435 1267 1494 inaure
1280 1433 1420 1502 auditis,
1434 1433 1622 1508 predicate
1636 1447 1693 1494 sa·

50 1525 81 1584 et
94 1522 179 1585 dixit
192 1523 242 1584 illi
259 1545 266 1584 ι
282 1527 368 1586 Haec
381 1529 499 1588 omnia
513 1527 572 1588 tibi
585 1530 668 1589 dabo
684 1530 716 1589 si
726 1530 844 1602 proci-
894 1542 960 1601 per
974 1527 1063 1589 tecta
1086 1524 1217 1607 (Matth.
1243 1545 1277 1602 x,
1299 1528 1365 1610 27).
1390 1530 1561 1608 Templum
1590 1529 1691 1591 etiam

49 1623 129 1682 deas
151 1623 356 1683 adoraveris
375 1638 432 1685 me
456 1620 600 1702 (blatta,
624 1640 668 1699 rv,
693 1622 739 1705 9).
759 1627 842 1686 'lum
898 1622 1086 1685 Salomonis
1102 1625 1223 1687 iactum
1241 1626 1313 1688 erat
1329 1626 1471 1703 desuper
1489 1627 1635 1704 planum,
1658 1626 1692 1688 et

50 1717 130 1779 dixit
144 1717 177 1778 ei
190 1719 308 1780 iesus:
324 1723 424 1792 Vade,
438 1722 598 1794 Satanas,
612 1723 843 1797 scriptumest
897 1719 931 1781 in
945 1737 1027 1798 gyro
1040 1722 1179 1784 cancelli
1201 1722 1466 1796 deambulatorii,
1488 1739 1529 1785 ne
1543 1723 1616 1801 quis
1636 1723 1691 1784 in-

49 1819 138 1876 eaim
150 1832 163 1876 .·
175 1819 362 1878 Dorniaam
379 1822 491 1879 Deam
508 1819 605 1880 iiiam
621 1823 791 1894 adorabis,
809 1819 843 1882 et
897 1818 1011 1880 cautus
1035 1818 1113 1880 inde
1136 1819 1315 1882 laberetur.
1343 1821 1382 1882 Et
1405 1821 1500 1882 erant
1522 1821 1569 1882 ibi
1593 1819 1689 1881 sedes

49 1915 168 1975 iliisoii
185 1917 319 1976 servies
337 1913 446 1994 (lbid,
464 1932 509 1988 rv,
530 1915 841 1997 10).1nistatertia
896 1915 1078 1990 doctorum,
1102 1917 1189 1979 unde
1204 1917 1255 1978 illi
1271 1918 1328 1995 qui
1343 1917 1510 1979 habebant
1529 1917 1652 1994 magist
1672 1947 1691 1962 -

48 2010 227 2073 tentatione
246 2011 323 2073 talis
348 2011 412 2074 suit
433 2013 574 2075 intentio
598 2013 733 2087 diaboli,
755 2016 840 2098 quod
895 2013 994 2086 rium,
1005 2014 1082 2076 inde
1094 2014 1315 2092 loquebantur
1326 2015 1368 2077 ad
1382 2015 1549 2093 populum.
1562 2014 1601 2075 nt
1613 2012 1688 2075 ideo

48 2123 105 2184 per
126 2108 342 2185 cupiditatem
368 2110 400 2172 et
421 2109 581 2173 honorem
604 2111 704 2190 hujus
727 2113 841 2174 mundi
896 2111 991 2183 duxit
1005 2127 1080 2174 eum
1095 2126 1196 2189 supra
1211 2113 1346 2190 pinnam
1362 2113 1487 2190 templi,
1503 2112 1538 2173 ut
1552 2109 1690 2189 poneret

48 2205 224 2268 inclinaret
245 2222 331 2268 eum.
351 2209 422 2269 Hoc
441 2208 538 2270 modo
558 2208 710 2271 diabolus
729 2210 843 2272 multi-
896 2224 971 2271 eum
992 2209 1028 2270 in
1052 2209 1222 2283 cathedra,
1250 2211 1287 2272 ut
1311 2210 1388 2271 inde
1413 2209 1552 2271 baberet
1568 2223 1689 2271 vanam

49 2302 177 2379 pliciter
191 2309 243 2366 est
255 2303 374 2366 victus.
895 2307 1047 2383 gloriam.
1063 2307 1217 2370 Tentavit
1229 2324 1308 2384 ergo
1323 2324 1389 2370 non
1405 2308 1601 2386 quicumque
1613 2307 1691 2368 ten·
1806 2345 1809 2350 -

84 2401 270 2463 Videndum
285 2403 335 2464 est
350 2403 407 2464 ubi
422 2403 573 2466 diabolus
588 2404 756 2468 Christum
772 2405 842 2468 ten·
894 2405 991 2478 tator,
1015 2405 1072 2466 sed
1091 2407 1163 2482 ipse
1182 2405 1345 2478 diabolus,
1364 2407 1420 2483 qui
1448 2421 1548 2482 super
1573 2417 1689 2466 omnes

50 2497 178 2561 taverit.
198 2501 308 2562 Primo
322 2500 463 2563 tentavit
484 2517 559 2562 eum
574 2502 609 2562 in
631 2503 772 2572 deserto,
787 2519 839 2565 se-
894 2501 1075 2564 tentatores
1088 2503 1246 2580 probatur
1259 2503 1389 2565 astutus
1404 2503 1437 2564 et
1451 2519 1493 2564 ex
1507 2499 1689 2564 subtilitate

52 2596 154 2658 cundo
180 2612 282 2674 snpra
302 2599 517 2675 pinnaculum
538 2599 663 2677 templi,
685 2600 784 2664 tertio
805 2601 841 2662 in
895 2600 1034 2673 naturae,
1051 2601 1084 2662 et
1099 2601 1297 2679 antiquitate
1308 2600 1478 2678 temporis,
1495 2601 1527 2662 ot
1539 2597 1688 2660 assidui-

51 2695 157 2756 monte
171 2695 316 2759 excelso.
333 2697 470 2768 Quando
483 2697 634 2774 permisit
648 2713 683 2760 εθ
697 2698 841 2760 tentarit
894 2697 962 2759 tate
992 2695 1140 2759 fallendi.
1169 2700 1219 2759 Ex
1240 2697 1422 2761 subtilitate
1445 2698 1572 2759 naturae
1589 2695 1689 2773 juxta

48 2792 131 2854 ldest
144 2793 220 2869 post
234 2794 406 2870 jejunium,
418 2794 504 2857 sicut
518 2794 598 2857 dicit
610 2797 838 2872 Evangelium,
895 2795 981 2871 quod
1001 2795 1123 2857 dicitur
1142 2795 1178 2856 in
1197 2795 1390 2857 Ezechiele:
1410 2798 1459 2857 Ta
1474 2797 1689 2870 sipaacaium

48 2889 126 2965 quod
140 2891 303 2952 audistis:
319 2894 841 2970 Camiaiaaassetqaadraqiata
893 2893 1141 2965 similitudinis,
1154 2897 1278 2969 panas
1291 2893 1463 2969 sapientia
1473 2892 1506 2953 et
1513 2889 1690 2965 perfectas

46 2989 176 3060 diebus,
201 2989 234 3050 et
251 2990 483 3065 qimdrapiuia
496 2991 651 3052 noctibas
675 2989 772 3070 (lbid.
792 2995 838 3064 iv,
893 2991 1016 3052 decore
1025 2993 1062 3050 ia
1072 2993 1201 3052 delictis
1207 2993 1366 3066 paradisi
1375 2991 1439 3051 Det
1449 2989 1547 3062 strati
1555 2984 1687 3067 (Ezecln

45 3081 86 3162 2).
109 3088 146 3145 ln
166 3101 233 3163 qua
253 3087 385 3163 speciei
405 3087 526 3149 Dicunt
548 3088 681 3164 quidam
696 3088 782 3166 quod
804 3089 839 3149 in
893 3101 1015 3160 xxvrrr,
1038 3085 1102 3167 13).
1120 3089 1171 3148 Ex
1194 3086 1392 3165 antiquitate
1414 3084 1584 3163 temporis,
1610 3082 1688 3160 quia

47 3183 150 3257 specie
166 3183 312 3270 hominis
322 3184 480 3261 apparuit
494 3183 657 3258 diabolus,
670 3186 757 3262 quod
766 3201 842 3248 cre·
894 3185 1001 3261 prima
1023 3187 1073 3247 est
1089 3187 1254 3259 creatura,
1274 3201 1339 3246 non
1357 3199 1431 3262 quaa
1451 3184 1586 3244 cunctas
1606 3195 1689 3258 prae-

46 3277 186 3341 dandum
209 3280 269 3343 θεῖ.
290 3280 357 3343 Alii
372 3281 485 3344 dicunt
500 3281 587 3359 quod
606 3282 695 3344 totus
721 3283 757 3345 in
779 3298 839 3344 sua
895 3283 1043 3355 cesserit,
1068 3283 1125 3344 sed
1147 3299 1246 3360 quam
1274 3283 1365 3343 nulla
1389 3281 1569 3360 praecessit,
1590 3279 1688 3357 juxta

46 3377 229 3439 substantia
242 3376 334 3439 visus
357 3378 411 3441 sit.
895 3380 980 3456 quod
996 3380 1119 3442 dicitur
1132 3379 1168 3440 in
1183 3381 1288 3441 Isaia:
1303 3382 1472 3445 octomodo
1484 3377 1635 3440 cecidisti
1648 3377 1690 3436 de

81 3477 195 3536 Primo
207 3475 348 3538 tentavit
363 3492 438 3538 enm
453 3477 488 3538 in
501 3475 650 3540 deserto.
666 3477 840 3540 Desertum
893 3482 986 3548 coeio,
1001 3480 1151 3551 Laeifer,
1174 3480 1232 3552 qai
1245 3492 1348 3538 aiace
1363 3478 1531 3538 oriebaris
1544 3471 1601 3552 (ls.
1617 3485 1689 3544 xrv,

45 3572 120 3633 illud
141 3573 202 3633 ubi
226 3574 375 3635 Christus
401 3574 548 3636 tentatus
574 3577 643 3644 est,
671 3576 758 3637 sicut
782 3575 838 3636 di·
895 3571 958 3652 12).
978 3575 1017 3635 Εῖ
1035 3572 1118 3636 iob:
1144 3578 1224 3648 lpse
1243 3573 1295 3635 est
1314 3573 1527 3648 principiam
1549 3573 1690 3631 ciarum

46 3671 117 3733 cunt
131 3669 300 3744 auctores,
325 3671 376 3733 est
395 3672 483 3734 inter
496 3672 631 3734 Jericlro
656 3672 689 3734 et
703 3675 842 3734 Jerusa-
893 3673 1033 3732 Domini
1048 3667 1135 3749 (iob.
1156 3686 1212 3744 xn,
1237 3668 1300 3750 14).
1326 3672 1376 3730 Ex
1404 3667 1598 3730 assiduitate
1625 3664 1691 3726 fal·

44 3766 114 3840 lom,
130 3769 190 3829 ubi
204 3768 262 3829 ille
278 3769 334 3846 qui
349 3768 572 3832 descendebat
593 3770 634 3830 ad
654 3770 840 3832 Jerusalem
895 3766 996 3840 leudi,
1022 3767 1178 3844 quoniam
1202 3766 1415 3829 adversarius
1436 3766 1550 3828 noster
1574 3761 1694 3826 diabo-
1715 3847 1716 3850 Ἴ

43 3865 75 3926 in
88 3865 226 3928 iericho
241 3865 363 3928 dicitur
383 3883 457 3928 esse
472 3867 667 3930 vulneratus
682 3868 715 3930 et
731 3867 838 3929 semi-
894 3863 946 3925 lus
959 3865 1118 3943 tanquam
1129 3865 1182 3926 leo
1194 3865 1331 3941 rugiens
1336 3907 1396 3926 .....

43 3963 134 4026 vivus
149 3964 299 4026 relictus.
322 3964 423 4026 Recte
438 3980 517 4042 ergo
539 3965 690 4026 Christus
705 3981 741 4026 se
761 3981 839 4042 per·
935 3963 1014 4046 Quis
1040 3964 1150 4024 autem
1175 3978 1241 4024 non
1265 3963 1381 4025 timeat
1401 3961 1469 4023 tam
1493 3959 1689 4036 malignum,

43 4061 130 4124 misit
143 4061 269 4123 tentari
288 4062 324 4123 in
342 4062 401 4124 illo
424 4063 567 4131 deserto,
593 4063 629 4124 nt
649 4061 836 4124 ostenderet
893 4059 962 4121 tam
984 4059 1137 4121 subtilem
1152 4059 1362 4130 tentatorem,
1380 4057 1477 4136 quem
1498 4056 1591 4118 nullo
1612 4072 1692 4133 pos·

44 4173 76 4218 se
100 4175 175 4220 esse
200 4159 455 4232 Samaritarum,
474 4159 570 4231 idest,
588 4159 757 4222 custodem
783 4161 839 4237 qui
895 4172 1009 4218 sumus
1037 4157 1216 4218 excludere
1247 4156 1356 4229 vallo,
1384 4155 1476 4216 nullo
1503 4153 1691 4215 interficere

45 4256 185 4318 salvavit
197 4256 649 4329 vulneratumalatronibus,
665 4255 762 4329 idest,
780 4258 841 4318 hu·
893 4253 948 4316 vel
971 4253 1092 4316 laedere
1116 4253 1249 4328 gladioi
1271 4255 1366 4330 cujus
1390 4251 1512 4330 quanta
1535 4251 1580 4312 sit
1601 4265 1692 4327 prae-

44 4369 175 4415 manum
190 4369 295 4430 genus
316 4354 565 4427 adaemonibus,
588 4355 665 4432 quia
688 4355 839 4416 Christus
895 4351 1037 4428 sumptio
1071 4351 1107 4413 in
1143 4349 1357 4412 devoratione
1391 4349 1517 4422 nostra,
1551 4347 1692 4426 ipsemet

43 4453 144 4525 gessit
156 4451 408 4514 similitudinem
426 4451 505 4514 Adae
521 4452 578 4529 qui
593 4467 613 4513 a
633 4451 840 4514 daemonibus
893 4448 1065 4511 beatoiob
1081 4449 1181 4510 dicit:
1200 4447 1397 4510 absorbebit
1410 4449 1558 4520 daciam
1572 4447 1607 4508 et
1622 4460 1691 4507 aaa

44 4548 147 4609 victus
165 4549 227 4621 est,
244 4551 277 4610 et
291 4548 435 4625 peccatis
451 4549 619 4611 sauciatus
642 4550 708 4610 eta
727 4548 839 4611 virtu·
893 4548 1091 4620 mirabitur,
1114 4547 1149 4608 ei
1162 4547 1261 4610 babet
1274 4547 1437 4618 adiiciam
1451 4547 1539 4620 qaod
1562 4546 1692 4604 Jorda-
1788 4615 1790 4620 ,

43 4645 128 4706 tibus
148 4645 322 4723 spoliatus.
341 4647 403 4718 Qui
422 4647 514 4707 locus
538 4645 677 4707 vocatur
700 4649 837 4720 Deraia,
893 4644 1097 4716 ausiaitaai
1110 4647 1148 4705 ia
1160 4639 1368 4721 asejas00b
1387 4657 1443 4714 xn,
1457 4639 1520 4722 18).
1535 4639 1691 4704 Habacuc

43 4741 125 4805 idest
138 4747 304 4819 Saapais,
325 4744 460 4821 propter
483 4743 679 4805 effusionem
701 4744 840 4820 sangui·
896 4740 995 4803 etiam
1018 4740 1120 4804 dicit:
1143 4744 1229 4802 Ecce
1245 4755 1307 4816 epo
1327 4740 1496 4801 suscitabo
1520 4741 1691 4801 Gbaidceos

44 4841 112 4913 nis,
137 4855 237 4919 quam
261 4840 308 4901 ibi
332 4841 479 4902 latrones
504 4840 681 4903 iaciebant.
710 4843 840 4904 Conve—
896 4836 1033 4917 (Hebae.
1063 4854 1087 4910 1,
1110 4836 1155 4918 6).
1182 4837 1273 4909 Quod
1308 4837 1418 4899 autem
1446 4836 1487 4897 de
1515 4833 1693 4914 cujuslibet

44 4937 135 4999 niens
150 4953 231 5014 ergo
246 4937 358 5000 initui
372 4938 522 5000 Christus
547 4937 715 5000 diabolum
735 4955 839 5016 supe·
895 4935 1079 4997 sanctitatis
1111 4935 1292 4996 eminentia
1320 4949 1523 5012 praesumere
1552 4933 1691 5010 antiqua

42 5037 151 5108 reret,
181 5034 236 5096 ubi
266 5035 416 5097 diabolus
443 5035 612 5097 hominem
645 5035 705 5096 sub
732 5037 840 5113 ligura
896 5033 1028 5094 Satanae
1042 5033 1199 5095 vereatur
1220 5032 1354 5105 astutia,
1379 5032 1435 5109 qui
1450 5031 1557 5108 primo
1580 5031 1692 5093 statim

43 5149 220 5210 superasse
235 5133 342 5195 dictus
355 5132 416 5196 est.
894 5129 1048 5209 parentes
1062 5130 1102 5192 de
1116 5129 1273 5207 paradiso
1287 5128 1477 5207 captivavit,
1492 5129 1525 5190 et
1536 5128 1577 5189 de
1591 5131 1693 5205 Apos-

80 5233 118 5290 ln
140 5229 263 5306 templo
279 5230 432 5307 permisit
454 5245 489 5291 se
510 5229 632 5292 tentari
652 5245 752 5308 super
764 5230 840 5308 pin·
893 5228 994 5290 tolico
1012 5228 1098 5290 coetu
1113 5229 1219 5306 ipsam
1234 5227 1356 5290 Christi
1368 5226 1563 5288 electionem
1573 5225 1693 5289 iudam

44 5327 210 5398 naculum,
237 5327 275 5388 ut
293 5326 483 5388 ostenderet
509 5343 545 5388 so
564 5341 638 5388 esse
659 5329 763 5388 Deum
782 5327 841 5404 qui
893 5326 1015 5402 rapuit,
1033 5326 1100 5387 imo
1113 5325 1146 5387 et
1159 5325 1268 5402 ipsum
1283 5323 1458 5386 Dominum
1482 5323 1612 5386 tentare
1626 5337 1692 5399 ag-

45 5424 202 5486 adoratnr
229 5425 265 5485 in
293 5423 416 5502 templo
451 5425 484 5486 et
515 5425 699 5502 principem
724 5424 839 5500 templi
894 5439 1028 5499 gressus
1041 5423 1114 5485 esti
1130 5424 1205 5500 Ipse
1220 5423 1270 5484 est
1286 5421 1374 5488 enim
1390 5421 1526 5498 quiuno
1546 5419 1692 5496 impulsu

44 5523 162 5592 sancti,
177 5521 274 5590 idest,
288 5522 455 5590 Ecclesia.
469 5523 544 5584 Non
560 5523 610 5584 θεῖ
623 5523 744 5584 mirum
762 5523 791 5583 si
804 5537 840 5583 so
895 5521 1088 5583 concutiens
1111 5521 1252 5598 quatuor
1279 5519 1420 5595 angulos
1445 5518 1562 5580 domus
1583 5515 1692 5578 sancti

45 5620 195 5695 permisit
213 5619 328 5682 abillo
352 5619 493 5692 assumi,
516 5620 550 5683 et
572 5621 648 5683 duci
670 5620 703 5682 et
726 5619 837 5692 statui,
894 5618 959 5682 viri
973 5617 1046 5690 Job,
1065 5617 1151 5680 lilios
1169 5618 1202 5680 ct
1216 5617 1302 5679 illias
1316 5616 1510 5680 innocentes
1522 5613 1688 5694 oppressit
1806 5703 1811 5710 Ι

45 5718 100 5796 qui
124 5734 161 5780 se
180 5717 315 5797 pertulit
338 5733 359 5781 a
387 5717 542 5782 membris
565 5718 666 5792 illius,
698 5717 793 5793 idest,
819 5735 840 5780 a
895 5718 927 5781 et
942 5715 1118 5781 destruxit.
