4066 6294
311 309 350 372 27
935 291 1111 356 nononn
1127 291 1171 357 rn
1193 291 1343 358 oreas.
1935 299 1975 360 aa

313 486 502 553 sacerdotes
514 485 605 548 bunc
621 481 669 545 lta
686 477 789 557 caput
800 477 834 540 et
845 474 1028 556 principem
1049 472 1113 535 ba·
1166 473 1265 538 tolica
1279 471 1485 553 providentia
1498 473 1547 538 stc
1559 461 1724 556 tripertita
1736 475 1974 555 distinguitur,

312 587 427 660 beant,
453 583 540 648 sicut
561 595 676 645 omnes
697 576 829 657 judices
851 589 964 650 regem
987 571 1112 634 habere
1165 573 1201 635 ut
1226 573 1384 637 Romanis
1410 573 1443 638 et
1469 574 1593 638 circum
1619 576 1848 654 adjacentibus
1879 577 1978 639 mille

313 683 556 750 consueverant
580 701 589 742 a
613 679 648 741 in
672 692 736 755 quo
765 672 940 755 privilegio
960 671 1006 734 ita
1023 670 1112 732 inter
1166 687 1346 748 annorum3
1372 672 1512 735 Thuscis
1540 675 1573 736 et
1601 674 1796 738 lombardis
1824 675 1977 738 duorum

314 787 426 848 cetera
439 782 575 858 legitur:
590 794 609 838 c
623 775 710 840 Utile
718 771 943 852 iudicavimus
956 783 1022 831 una
1036 783 1111 831 cum
1166 771 1307 833 millium
1333 781 1512 846 annorum,
1543 773 1600 834 sed
1627 775 1660 836 et
1690 775 1743 837 bis
1775 775 1832 852 qui
1860 776 1976 836 maria

314 903 334 946 c
355 882 507 947 omnibus
526 875 669 954 satrapis
687 871 822 942 nostris,
836 871 869 933 et
881 869 1039 932 universo
1057 881 1114 928 se-
1165 869 1371 932 transmeare
1383 871 1576 945 noscuntur,
1590 872 1691 934 trium
1704 873 1846 935 millium
1861 891 1981 936 anno-

314 1001 336 1044 «
355 984 447 1050 natu,
469 974 681 1056 optimatibus
693 972 794 1034 etiam
806 970 839 1032 et
851 969 969 1030 cuncto
990 964 1112 1045 populo
1166 985 1252 1042 rum,
1268 970 1401 1032 maneat
1421 969 1575 1032 remissio
1594 973 1817 1048 peccatorum.
1841 973 1979 1034 Similis

314 1099 334 1142 s
355 1083 513 1142 Romarm
522 1073 639 1152 gloriae
649 1067 845 1149 subjacenti,
855 1067 891 1129 ut
901 1065 987 1128 sicut
995 1063 1112 1126 beatus
1167 1066 1348 1145 eademque
1371 1067 1535 1130 institutio
1558 1070 1766 1133 remissionis
1788 1070 1878 1133 facta
1896 1089 1980 1149 pro-

314 1194 333 1240 «
355 1177 473 1239 Petrus
488 1175 523 1236 in
539 1171 640 1234 terris
656 1168 803 1232 vicarius
816 1165 893 1228 Filii
910 1163 969 1226 Dei
981 1162 1113 1224 videtur
1167 1164 1266 1227 batur
1284 1165 1319 1226 in
1334 1166 1398 1228 bac
1412 1167 1520 1244 prima
1539 1168 1572 1229 ct
1593 1170 1806 1231 sacrosancta
1828 1168 1978 1232 basilica

314 1293 334 1336 c
355 1291 429 1337 essa
443 1270 653 1338 constitutus,
665 1265 765 1330 ctiam
780 1261 994 1342 &pontifices
1007 1259 1112 1338 ipsius
1169 1264 1284 1342 quinta
1294 1263 1978 1345 feriainGoenaDomini,quandoadomno

315 1371 516 1452 «principis
541 1365 773 1447 Apostolorum
804 1361 878 1424 vice
908 1357 1114 1439 principatus
1169 1363 1360 1440 Apostolico
1392 1365 1608 1426 consecratur
1637 1381 1770 1428 sacrum
1803 1366 1977 1440 chrisma,

316 1490 335 1533 a
357 1469 551 1550 potestatem
563 1465 706 1543 amplius
728 1477 827 1541 quam
845 1461 988 1522 terrenae
1006 1457 1114 1534 imna-
1170 1459 1979 1538 quandoetlraereticicontumaces,etextollentes

316 1569 451 1632 ‹rialis
466 1567 588 1628 nostrae
605 1560 793 1626 serenitatis
813 1555 1031 1620 mansuetudo
1052 1555 1116 1616 ba·
1170 1575 1206 1622 so
1229 1559 1388 1622 adversus
1417 1559 1504 1621 hanc
1533 1562 1682 1623 sanctam
1707 1562 1915 1625 catholicam
1944 1567 1978 1626 οἱ

317 1685 336 1728 ‹
357 1667 435 1730 licre
448 1663 589 1736 Videtur,
606 1659 788 1728 obtineant,
799 1673 817 1718 s
830 1656 893 1719 ato.
1171 1658 1389 1738 apostolicam
1406 1658 1600 1732 Ecclesiam,
1614 1659 1755 1738 publicae
1774 1677 1978 1724 excommu-

359 1771 549 1836 sicutenim
559 1770 595 1831 in
605 1768 707 1845 gestis
717 1765 806 1828 beati
818 1761 969 1826 Silvestri
980 1761 1113 1837 legitur,
1171 1758 1352 1820 nicationis
1370 1756 1602 1820 maledictione
1624 1758 1807 1836 apostolica
1834 1761 1979 1822 senten-

317 1889 391 1952 quae
409 1871 527 1933 beatus
546 1883 631 1947 papa
652 1863 804 1927 Gelasius
821 1862 856 1923 in
876 1859 1024 1922 Concilio
1039 1873 1117 1936 sep-
1170 1856 1218 1919 tia
1228 1855 1405 1918 traduntur
1415 1856 1547 1918 Satanae
1564 1856 1600 1918 in
1611 1857 1782 1920 interitum
1795 1859 1924 1930 camis,
1942 1859 1979 1920 ut

317 1959 930 2047 tuagintaepiscoporumacatholicis
943 1958 1010 2034 legi
1024 1971 1118 2019 com·
1170 1954 1304 2018 tandem
1321 1954 1501 2018 miserante
1524 1958 1591 2017 Deo
1610 1956 1883 2034 resipiscentibus
1908 1956 1977 2018 illis

316 2069 488 2140 memorat,
503 2063 662 2143 praefatus
681 2059 863 2138 imperator
881 2055 1117 2118 Constantinus
1171 2051 1330 2114 adiaboli
1351 2053 1482 2130 laqueis
1502 2053 1638 2132 spiritus
1660 2069 1774 2118 eorum
1789 2055 1908 2118 salvus
1934 2055 1978 2116 sit

317 2163 464 2230 secunda
484 2163 540 2224 die
562 2158 785 2240 processionis
804 2173 874 2218 suae
895 2152 1118 2242 promulgavit
1172 2152 1207 2213 ln
1219 2151 1274 2212 die
1286 2154 1323 2213 D.
1338 2152 1379 2214 N.
1392 2153 1423 2216 J.
1439 2153 1474 2212 G.

320 2266 440 2342 legem,
453 2277 527 2341 quae
541 2260 594 2321 llis
608 2253 946 2321 verbisconcluditur.
960 2252 1036 2314 «su
1046 2267 1119 2314 om-

320 2363 418 2427 nibus
431 2361 557 2430 notum,
575 2373 636 2420 nos
657 2357 704 2418 ita
724 2352 847 2417 Christi
860 2352 1004 2416 cultores
1016 2351 1119 2413 eflec-
1242 2367 1267 2432 1,
1282 2372 1332 2432 pe
1343 2368 1498 2445 ,nysam
1509 2371 1790 2447 appellationibus
1801 2371 1907 2434 astaus

318 2465 383 2534 tos,
407 2460 443 2523 ut
469 2459 557 2521 intra
589 2454 750 2535 palatium
779 2453 929 2515 nostrum
960 2450 1117 2528 templum
1370 2469 1767 2532 sacrosanepaepappwae,

319 2561 419 2639 huius
432 2555 577 2621 nominis
590 2555 832 2622 construamus,
841 2550 929 2613 etc.»
942 2553 1041 2627 quam
1061 2563 1120 2611 ec-

318 2659 455 2724 clesiam
467 2657 582 2736 postea
597 2651 794 2716 aedificatam
812 2652 845 2714 et
856 2648 1118 2712 consummatam
1213 2637 1460 2718 Haecdssllllam»
1474 2639 1617 2703 ecclesia
1631 2655 1651 2702 a
1664 2640 1787 2702 sancis
1803 2637 1975 2712 Patribus·

316 2757 433 2822 beatus
456 2755 615 2819 silvester
633 2751 765 2831 publice
791 2747 893 2830 (quod
922 2763 989 2810 non
1018 2745 1119 2809 flebat
1173 2735 1260 2800 Sicut
1273 2738 1308 2799 in
1323 2753 1438 2801 eorum
1462 2738 1595 2817 Scriptis
1617 2739 1797 2811 invenitur,
1820 2737 1977 2816 pluribus

317 2853 430 2935 antea)
452 2853 645 2916 solemniter
672 2847 879 2912 consecravit
900 2843 1020 2924 ‘quinto
1044 2845 1119 2906 idus
1173 2837 1321 2914 mysticis
1332 2837 1382 2899 est
1390 2835 1562 2899 vocabulis
1572 2837 1742 2914 insignita.
1755 2839 1834 2900 Haec
1849 2838 1976 2899 etenim

317 2951 530 3015 Novembris.
555 2950 594 3010 st
623 2947 674 3008 est
703 2945 761 3007 illa
785 2958 889 3024 usqua
913 2942 1011 3005 hodie
1030 2941 1120 3004 cele-
1172 2934 1403 3012 principaliter
1425 2935 1564 2998 vocatur
1594 2934 1739 2997 Basilica
1756 2955 1764 2996 ε
1780 2936 1859 3013 quia
1870 2950 1974 3014 quum

318 3049 465 3112 berrima
493 3044 658 3108 festivitas
681 3043 717 3104 in
730 3041 839 3112 Urbe,
863 3041 900 3103 in
923 3054 988 3118 qua
1010 3040 1117 3118 prima
1173 3033 1256 3110 Regi
1271 3049 1387 3110 regum
1402 3033 1567 3096 salvatori
1581 3037 1661 3097 lesu
1673 3033 1803 3096 Christo
1818 3034 1863 3097 sit
1877 3034 1975 3096 dedi-

318 3145 460 3210 ecclesia
490 3143 622 3222 publice
636 3141 829 3204 consecrata
858 3139 919 3209 est,
951 3139 984 3200 et
1007 3139 1118 3214 imago
1173 3131 1258 3200 cata,
1273 3131 1304 3193 ei
1319 3132 1376 3209 qui
1399 3132 1434 3194 in
1457 3133 1546 3194 terra
1561 3148 1708 3194 summus
1722 3147 1784 3194 rex
1797 3132 1849 3195 est
1863 3134 1897 3195 et
1913 3149 1974 3194 sa-

321 3243 504 3308 Salvutoris
517 3240 621 3304 infixa
634 3238 829 3318 parietibus,
844 3237 987 3316 primum
999 3235 1119 3299 visibi·
1173 3229 1301 3299 cordos,
1308 3230 1543 3308 comprobatur
1551 3246 1625 3292 essa
1635 3231 1979 3294 commissamvoca-

317 3341 361 3406 lis
383 3341 473 3406 omni
493 3339 615 3420 populo
637 3342 787 3403 Romano
804 3335 970 3415 apparuit.
994 3334 1120 3397 inscri—
1172 3329 1227 3390 tur
1240 3329 1341 3391 etiam
1358 3328 1502 3390 Basilica
1516 3344 1631 3403 aurea,
1647 3330 1700 3392 vel
1713 3329 1854 3392 basilica
1868 3332 1977 3393 Cons-

317 3441 409 3505 bitur
429 3441 517 3504 enim
540 3437 716 3502 Dcdwatto
746 3439 893 3498 omcnae
913 3434 1115 3498 salvatoris.
1172 3427 1370 3498 tantiniana,
1393 3443 1414 3490 a
1437 3429 1662 3502 Constantino,
1687 3429 1722 3490 ut
1745 3429 1879 3500 dicitur,
1901 3430 1974 3492 tota

319 3541 399 3605 Inde
418 3537 574 3618 estquod
599 3550 805 3615 quaecunque
824 3533 966 3596 ecclesia
983 3547 1043 3610 per
1060 3548 1120 3594 ur·
1173 3541 1275 3589 aureo
1296 3524 1425 3586 musivo
1448 3524 1589 3602 depicta.
1613 3525 1741 3588 Dicitur
1759 3525 1859 3587 etiam
1887 3526 1975 3588 tem-

317 3639 393 3701 bem
414 3639 513 3716 atque
532 3652 592 3714 per
617 3635 730 3697 orbem
752 3632 935 3695 salvatoris
956 3629 1118 3694 vocabulo
1172 3624 1262 3702 plum
1285 3622 1521 3685 misericordiae
1543 3644 1551 3684 :
1571 3623 1661 3701 quia,
1687 3625 1724 3686 ut
1745 3640 1850 3702 usque
1871 3624 1975 3686 hodie

320 3735 511 3814 specialiter
520 3731 761 3804 intitulatur‚in
777 3729 916 3808 praefata
938 3728 992 3790 die
1012 3723 1118 3806 ipsius
1173 3721 1440 3798 cernitur‚quum
1448 3721 1568 3786 multos
1580 3721 1690 3783 aditus
1703 3721 1867 3793 babuerit,
1879 3724 1974 3784 nulla

321 3830 523 3896 celebritatis
538 3829 733 3891 memoriam
747 3826 865 3890 recolit
876 3827 909 3890 et
922 3827 1116 3888 veneratur:
1173 3819 1226 3881 die
1238 3819 1290 3881 vel
1304 3821 1401 3882 nocte
1420 3818 1645 3892 claudebatur,
1662 3820 1728 3881 nisi
1742 3819 1977 3898 tapetibus'ut

319 3927 638 4008 cujusdedicationis
649 3925 892 3988 solemnitatem
910 3926 984 3987 octo
1002 3923 1118 3986 diebus
1173 3917 1269 3995 quasi
1293 3918 1434 3982 alterum
1458 3918 1586 3996 asylum
1613 3934 1743 3997 semper
1765 3919 1894 3997 pateret
1913 3921 1977 3982 ob-

319 4027 551 4092 celabrandam
566 4024 749 4104 apostolica
760 4023 903 4086 saucivit
916 4021 1117 4085 auctoritas:
1173 4015 1284 4079 noxiis
1300 4016 1452 4079 omnibus
1468 4039 1477 4078 a
1494 4017 1655 4096 quatenus
1670 4017 1811 4095 amplius
1826 4034 1893 4080 non
1907 4037 1975 4097 pu-

321 4127 478 4208 quoniam
493 4124 623 4188 decimo
639 4119 693 4186 dia
712 4139 732 4185 a
753 4121 964 4186 solemnitate
983 4120 1120 4182 dedice·
1173 4115 1325 4177 nitentur
1354 4131 1375 4178 a
1407 4115 1536 4193 legibus
1572 4115 1798 4178 saecularibus.
1834 4117 1974 4192 Legitur

318 4227 421 4291 tionis
444 4225 541 4288 istius
560 4223 721 4286 dedicatae
738 4223 816 4286 sunt
830 4221 945 4300 postea
969 4219 1118 4282 basilicae
1173 4229 1302 4294 qnoque
1335 4213 1517 4293 apostolica
1549 4215 1709 4288 Ecclesia,
1738 4215 1973 4293 Apostolorum

318 4325 509 4390 sanctorum
523 4322 614 4387 Petri
626 4322 660 4386 et
671 4320 780 4384 Pauli.
1173 4314 1345 4377 dumtaxat
1359 4314 1518 4378 doctrinis
1533 4313 1694 4377 instructa
1711 4335 1719 4376 ε
1750 4314 1851 4376 Sedes
1865 4315 1976 4392 Apos-

325 4445 327 4450 ·
358 4424 439 4485 inde
461 4424 512 4486 est
535 4421 622 4499 quod
646 4425 816 4482 Romanus
840 4418 998 4481 Pontifex
1012 4417 1118 4494 ipsius
1172 4414 1283 4488 tolica,
1296 4415 1374 4493 quia
1393 4413 1747 4493 praeterllpostolicum
1760 4412 1869 4475 nullus
1885 4413 1975 4475 alius

320 4519 503 4584 salvatoris
526 4521 606 4582 Jesu
623 4517 757 4591 Christi,
779 4514 836 4594 qui
851 4514 966 4578 suavis
992 4515 1025 4576 et
1056 4529 1117 4578 co·
1172 4511 1974 4593 sederepraesumitzsedesprima,quiasecunda

319 4618 434 4695 piosus
461 4618 514 4680 est
535 4617 571 4679 iu
586 4615 816 4679 misericordia
840 4612 993 4677 omnibus
1019 4612 1060 4674 ad
1082 4629 1118 4674 se
1172 4614 1223 4674 cst
1245 4612 1464 4685 antiochena,
1486 4612 1584 4674 tertia
1603 4611 1851 4674 Alexandrina:
1869 4611 1974 4674 Sedes

320 4710 545 4785 redeuntibus,
555 4711 590 4773 in
599 4711 806 4776 dedicatione
818 4711 915 4776 istius
928 4725 1119 4774 sacrosanc-
1173 4707 1274 4781 Petri,
1303 4709 1381 4786 quia
1413 4723 1473 4786 per
1499 4709 1670 4772 vicarium
1702 4726 1799 4772 suum
1831 4709 1975 4787 ipsemet

319 4811 363 4873 tae
382 4809 542 4882 basilicae,
566 4824 640 4887 quae
665 4807 902 4872 misericordia
928 4810 1045 4873 sortita
1068 4810 1119 4872 est
1173 4806 1265 4870 sedet
1285 4805 1343 4868 ibi.
1364 4806 1510 4869 Vocatur
1530 4808 1564 4870 et
1584 4807 1626 4870 ab
1646 4808 1728 4870 urbe
1743 4811 1892 4872 Romana
1908 4811 1975 4870 Ec-

320 4906 530 4981 vocabulum,
553 4904 594 4970 de
613 4905 848 4986 omnipotentis
870 4907 931 4974 Dei
949 4907 1039 4970 certa
1054 4907 1120 4969 mi·
1173 4902 1293 4980 elesle3
1310 4906 1343 4967 et
1356 4919 1377 4967 a
1391 4902 1465 4968 loco
1479 4906 1714 4968 Lateranonsis
1731 4907 1883 4978 ecclesia,
1900 4908 1973 4969 La·-

321 5004 504 5070 serlcordia
518 5019 723 5084 presumens
742 5003 921 5067 salubriter
939 5005 1115 5078 ordinavit,
1172 5003 1358 5067 teranensis
1394 5003 1549 5079 basilica,
1579 5005 1803 5068 lateranense
1840 5004 1975 5082 episco-

322 5107 359 5168 ut
381 5101 535 5167 omnibus
557 5102 599 5166 ad
623 5101 724 5182 hujm
751 5101 941 5166 festivitatis
967 5101 1117 5166 laetitiam
1173 5102 1280 5180 pium,
1308 5103 1532 5165 Lateranense
1559 5103 1814 5182 patriarchium.
1844 5103 1975 5167 Dicitur

322 5202 593 5266 convenientibus
615 5217 736 5280 magna
755 5201 850 5266 lieret
869 5199 1025 5265 remissio
1039 5219 1120 5281 pec-
1172 5201 1243 5264 haeo
1255 5200 1974 5280 Universalisecclesia,qulaajusapiscopus

321 5302 482 5372 catorum,
494 5302 535 5364 de
548 5301 668 5379 quibus
679 5303 791 5364 umen
803 5300 903 5379 digne
917 5305 985 5366 lieo
998 5302 1117 5366 Eccle-
1172 5299 1213 5362 de
1228 5299 1394 5362 universis
1411 5299 1511 5362 babet
1519 5300 1693 5378 judicandi
1707 5302 1914 5379 potestatem,
1929 5301 1974 5366 de

321 5401 445 5478 alaeque
456 5399 600 5464 confessi
610 5416 669 5478 per
680 5399 908 5479 poenitentiem
921 5400 1024 5463 fuisse
1039 5417 1119 5470 nos-
1172 5397 1322 5462 illovero
1337 5397 1459 5460 nullus.
1484 5399 1523 5461 nt
1544 5400 1679 5478 propter
1699 5399 1763 5463 boc
1783 5399 1972 5478 appellatur

321 5498 452 5570 cuntur,
477 5513 537 5560 seu
565 5497 622 5576 qui
645 5515 750 5577 usqua
778 5497 820 5561 ad
843 5499 993 5562 octavam
1017 5499 1116 5573 diem,
1172 5495 1271 5574 caput
1297 5496 1527 5570 ecclesiarum,
1550 5498 1658 5560 Mater
1683 5497 1911 5570 ecclesiarum,
1937 5501 1972 5562 et

322 5611 396 5659 cum
416 5611 498 5660 vara
518 5595 552 5660 at
571 5597 640 5659 Deo
662 5597 759 5674 mata
783 5597 894 5660 cordis
919 5597 1118 5662 contritione
1172 5593 1332 5673 Magistra
1355 5595 1581 5670 ecclesiarum,
1599 5595 1677 5675 quia
1698 5612 1813 5660 omnes
1838 5596 1881 5659 ab
1911 5595 1970 5660 illa

321 5694 566 5760 confiterentur.
590 5696 669 5770 Qua
689 5687 844 5762 videlicet
864 5693 999 5761 emissio
1018 5711 1119 5775 apos·
1172 5693 1339 5780 accipiunt
1363 5693 1542 5762 fomentum
1564 5695 1598 5760 et
1621 5695 1860 5782 magisterium.
1891 5697 1971 5760 Om-
