4066 6294
722 327 831 385 ORDO
854 327 1069 390 ROMANUS.
1678 339 1716 400 58

87 511 275 592 palafredum
295 508 455 580 ascendit,
479 509 512 568 et
532 507 708 584 equitando
730 509 863 580 incedit,

88 607 332 690 praecedentibus
351 609 387 669 in
409 605 524 668 ordine
552 622 611 668 suo
640 607 864 680 bandulariis,

88 707 340 786 archiepiscopis
355 706 529 784 episcopis,
540 705 764 768 cardinalibus
773 721 868 784 pres-

89 809 205 886 byteria,
239 806 425 878 abbatibus,
465 805 686 878 subdiaconis
718 804 867 866 diaconis

90 903 307 976 cardinalibus
339 905 372 966 et
399 903 674 982 subsequentibus
698 904 864 981 praefecte,

90 1006 212 1082 aliisque
238 1003 406 1066 nobilibus
434 1007 675 1076 Romanorum,
700 1003 867 1082 usquead

92 1105 225 1166 Sanctm
234 1103 377 1164 Mariam
387 1103 560 1179 Majorem,
570 1101 655 1164 sicut
670 1103 702 1165 et
714 1103 867 1179 superius

91 1205 117 1264 in
126 1203 202 1264 festo
215 1201 322 1263 sancti
336 1201 495 1279 Stephani
510 1201 696 1263 enarratur.
711 1203 791 1261 Cum
807 1217 869 1262 au-

91 1307 141 1363 lem
149 1317 205 1378 per
212 1301 420 1362 Merulanam
429 1298 476 1380 (1)
490 1300 670 1372 transierit,
686 1300 868 1361 scrinarius

92 1403 117 1460 in
138 1400 205 1460 loco
228 1399 413 1477 antiquitus
437 1399 614 1461 constituto
639 1399 670 1460 ei
692 1397 813 1471 obviat,
837 1399 870 1461 et

93 1500 145 1560 alla
167 1515 244 1560 uoce
274 1499 365 1570 dicit,
392 1501 479 1561 Jubc
504 1501 626 1560 domate
659 1501 866 1560 bertedicerc.

94 1596 227 1656 Pontifex
240 1595 408 1656 benedicit
422 1611 508 1667 eum,
526 1596 559 1656 et
573 1594 756 1657 scrinarius
771 1594 867 1655 dicit:

96 1699 125 1754 ln
137 1697 268 1758 ccclesia
281 1695 390 1756 bectae
407 1696 534 1754 Murice
552 1695 589 1754 tn
605 1698 668 1756 fruc
679 1694 776 1756 raoctc
789 1696 871 1768 bup-

96 1793 261 1855 ductisunt
274 1793 323 1854 toi
330 1795 436 1866 pareri
449 1792 646 1865 marmarici
660 1791 708 1854 toi
719 1793 869 1866 sentinae.

97 1889 228 1952 Pontifex
244 1891 433 1969 respondet,
453 1895 525 1953 Deo
542 1892 688 1967 pretias.
706 1891 797 1952 Tunc
810 1906 872 1952 au-

920 511 1019 584 narii,
1042 509 1222 582 senatores,
1245 513 1454 589 majorentes,
1479 515 1534 592 qui
1556 520 1716 580 vocantur

921 608 1035 670 schola
1056 608 1232 682 stimulati,
1254 626 1293 672 ac
1312 611 1413 673 ceteri
1433 611 1510 673 laici
1530 617 1672 692 majores
1684 617 1718 678 et

921 707 1077 779 minores
1092 707 1254 770 inordina
1269 725 1329 771 suo
1344 710 1385 771 ad
1398 727 1512 787 pacem
1532 714 1718 791 suscipien-

921 806 1007 868 dam.
1028 807 1240 868 Postmodum
1255 824 1333 870 vero
1354 810 1493 886 surgunt
1507 811 1571 872 duo
1588 811 1719 874 subdia-

922 905 997 966 coni
1012 904 1206 979 basilicarii,
1222 907 1254 967 et
1267 907 1466 986 accipientes
1479 909 1623 985 priorem
1639 911 1719 972 sub-

923 1003 1098 1065 diaconum
1113 1005 1338 1080 regionarium
1349 1003 1407 1086 (1),
1431 1023 1491 1083 per
1511 1023 1629 1068 manus
1641 1025 1717 1071 eum

923 1101 1099 1163 adextrant
1118 1102 1159 1162 ab
1178 1103 1318 1164 introitu
1350 1105 1521 1166 secretarii
1550 1123 1653 1184 nsque
1676 1108 1718 1168 ad

923 1200 1067 1261 medium
1082 1201 1170 1273 atrii,
1185 1202 1261 1263 ante
1274 1202 1479 1279 Pontificem3
1494 1205 1549 1280 qui
1564 1205 1719 1268 altaroce

923 1298 1003 1360 dicit
1020 1321 1027 1358 :
1042 1302 1129 1362 subc
1148 1303 1271 1362 donuae
1290 1303 1498 1374 bertcdicerc,
1515 1301 1622 1363 tribus
1636 1303 1721 1364 vici-

923 1397 1002 1470 bus;
1015 1397 1048 1460 et
1060 1398 1160 1460 tertio
1178 1398 1407 1461 benedictione
1423 1401 1573 1478 suscepta
1593 1417 1612 1462 a
1633 1403 1722 1464 Pon-

923 1495 1024 1569 tifice,
1041 1495 1212 1574 subjungit
1226 1500 1345 1560 :Serui
1354 1500 1492 1560 Dubitat
1503 1499 1614 1560 nostri
1625 1503 1723 1562 Jcsu

926 1595 1064 1668 Cbrtsti,
1090 1593 1196 1656 tribus
1220 1595 1364 1672 vicibus3
1388 1597 1421 1658 et
1435 1596 1515 1659 dicit
1533 1601 1722 1662 :Dominus

925 1695 1188 1755 archidiaconus
1200 1695 1291 1770 repar
1305 1698 1533 1770 arancarum,
1547 1699 1724 1758 arcidiaco-

926 1805 992 1852 atus
1005 1792 1095 1868 leuat
1115 1793 1304 1866 epistolam,
1326 1795 1549 1867 primicerius
1571 1794 1723 1855 etceteri

925 1890 1244 1952 contorcscautcnt.

96 1991 147 2050 lem
168 1989 347 2050 scrinarius
374 1989 512 2066 suscipit
551 2005 570 2050 a
597 1989 781 2051 camerario
812 2004 871 2067 pro
965 1990 1015 2048 34.
1026 1987 1175 2049 Hisrero
1191 1988 1373 2064 completis
1390 1990 1496 2064 surgit
1517 1988 1681 2062 Pontifex,
1691 1990 1725 2050 et

98 2089 281 2152 nuntiatione
311 2104 413 2149 unum
434 2087 687 2150 marabotinum.
714 2087 873 2148 Similiter
926 2088 1094 2162 resumpta
1107 2086 1250 2162 planeta,
1262 2086 1363 2162 pallio
1376 2085 1725 2164 etmitra‚'processio-

96 2187 124 2247 fit
141 2186 217 2264 apud
232 2187 389 2248 Sanctum
409 2186 543 2248 Petrum
561 2187 597 2247 in
616 2186 761 2248 secunda
776 2185 870 2246 feria.
928 2184 1048 2246 naliter
1059 2184 1150 2248 radit
1162 2185 1203 2246 ad
1217 2184 1332 2256 altare,
1352 2184 1385 2246 et
1405 2184 1522 2262 incipit
1536 2185 1671 2245 missam
1684 2185 1724 2246 de

98 2286 293 2347 Perrcniente
312 2285 423 2347 autern
449 2285 609 2348 Pontifice
634 2303 708 2347 cum
734 2299 872 2364 proces·
928 2299 1030 2344 more.
1047 2283 1126 2344 Post
1139 2282 1425 2356 orationemrem,
1440 2284 1617 2360 antequam
1631 2282 1726 2359 lega-

98 2384 173 2446 cione
192 2384 231 2445 ad
255 2385 420 2461 porticum
444 2385 573 2447 Sanctae
589 2385 715 2457 Mariae,
731 2383 872 2446 descen·
927 2381 983 2442 tur
1002 2381 1153 2458 epistola,
1174 2380 1344 2446 descendit
1365 2381 1621 2443 archidiaconus
1649 2397 1725 2443 cum

98 2482 135 2542 dit
150 2483 186 2542 ad
205 2483 336 2545 Petram
356 2483 518 2560 papalem,
542 2483 578 2544 in
592 2482 665 2544 loco
692 2482 873 2559 antiquitus
928 2480 1068 2542 diacono
1092 2481 1125 2541 et
1148 2479 1361 2551 subdiacono,
1394 2480 1427 2541 et
1458 2479 1607 2541 ordinate
1638 2481 1726 2541 stant

99 2581 253 2642 constituto
271 2603 278 2640 :
295 2581 329 2642 et
343 2581 491 2657 deposito
511 2597 614 2656 regno
634 2579 766 2642 ducitur
782 2595 802 2640 a
817 2582 876 2655 ju·
925 2579 1023 2658 juxta
1042 2578 1148 2640 altare
1166 2579 1201 2638 in
1221 2577 1348 2640 duobus
1369 2577 1445 2649 filis,
1460 2577 1633 2639 scrinariis
1645 2592 1726 2638 vero

99 2677 205 2739 ilicibus
225 2679 267 2739 ad
290 2678 466 2740 ecclesiam
489 2701 497 2738 :
518 2680 551 2740 et
571 2679 726 2754 suscepta
745 2693 875 2756 proces·
930 2676 1092 2739 stantibus
1117 2691 1192 2736 curn
1215 2675 1416 2752 pluvialibus
1431 2697 1438 2736 :
1453 2676 1486 2736 et
1511 2676 1589 2737 tunc
1614 2675 1727 2736 archi-

99 2776 174 2837 sione
193 2793 211 2837 a
229 2777 401 2839 canonicis
419 2777 524 2854 ipsius
549 2776 711 2847 ecclesiae,
732 2776 766 2837 et
788 2774 875 2837 facta
930 2775 1089 2837 diaconus
1116 2789 1190 2834 cum
1219 2773 1358 2834 diacono
1394 2773 1427 2834 et
1456 2771 1669 2843 subdiacono,
1694 2773 1727 2832 et

99 2874 321 2948 benedictione,
335 2873 426 2937 vadit
442 2874 484 2936 ad
497 2875 727 2950 secretarium3
738 2889 877 2936 exuens·
930 2873 1006 2933 aliis
1028 2869 1210 2942 ordinibus
1233 2869 1351 2946 incipit
1372 2868 1486 2930 laudes
1502 2868 1570 2930 alta
1588 2884 1681 2940 uoce,
1695 2869 1728 2929 et

100 2989 149 3049 que
176 2973 312 3050 pallium
345 2973 377 3035 et
398 2973 580 3051 planetam,
607 2973 714 3049 posito
738 2971 876 3049 pluviali
931 2971 989 3032 alii
1001 2968 1211 3047 respondent,
1233 2967 1318 3030 sicut
1338 2967 1490 3044 superius
1503 2967 1662 3044 scriptum
1678 2967 1729 3028 est

100 3088 180 3148 super
193 3072 348 3134 humeros
367 3071 484 3150 incipit
502 3071 658 3133 Tertiam.
675 3070 784 3132 Finita
797 3085 876 3132 vero
931 3068 1062 3130 infesto
1081 3067 1170 3128 beati
1192 3066 1361 3143 Stephani.
1385 3065 1504 3126 Finitis
1524 3080 1604 3126 vero
1616 3063 1728 3126 laudi-

99 3171 201 3244 Tertia,
230 3172 323 3250 prior
349 3172 590 3248 episcoporum,
620 3171 677 3249 qui
698 3171 729 3231 ei
751 3169 877 3230 seruire
932 3167 1004 3239 bus,
1018 3165 1140 3242 legitur
1154 3165 1257 3226 latina
1273 3163 1412 3242 epistola
1425 3165 1527 3240 priua,
1545 3163 1730 3241 etpostmo·

99 3267 177 3330 [lebet
194 3271 229 3330 in
249 3271 362 3342 missa,
386 3270 518 3332 ducitur
540 3271 616 3332 ante
644 3269 838 3332 Pontificem
858 3283 878 3328 a
933 3266 1010 3328 dum
1023 3280 1131 3342 graeca
1138 3281 1149 3336 ;
1167 3263 1200 3324 et
1212 3261 1421 3338 evangellum
1438 3261 1578 3324 latinum
1595 3262 1628 3324 et
1639 3276 1729 3338 grae-

99 3367 208 3430 duobus
227 3369 392 3446 episcopis
407 3391 414 3429 :
429 3370 462 3430 et
480 3369 579 3431 tertio
599 3368 764 3447 postulata
776 3366 880 3428 bene·
933 3381 1019 3426 cum.
1035 3365 1071 3424 In
1085 3362 1212 3424 secreta
1230 3377 1321 3432 reru,
1343 3377 1418 3421 cum
1437 3359 1588 3438 praefatio
1600 3358 1727 3435 incipit,

99 3465 235 3541 allatione,
265 3467 395 3529 accedit
419 3467 460 3529 ad
488 3483 604 3544 pacem
635 3464 817 3537 Pontificis,
847 3464 880 3525 et
934 3459 1136 3523 descendunt
1148 3459 1213 3520 duo
1226 3458 1359 3519 diaconi
1371 3473 1445 3518 cum
1459 3456 1586 3518 duobus
1600 3455 1731 3516 subdia-

100 3581 221 3642 surgens
233 3566 327 3644 ponit
341 3581 376 3627 se
393 3567 428 3627 in
442 3565 557 3627 ordine
570 3565 612 3628 ad
625 3563 777 3626 dextrum
791 3561 879 3624 latus
935 3559 1026 3622 conis
1039 3558 1204 3628 deorsum,
1219 3556 1252 3617 et
1263 3555 1351 3616 stant
1367 3554 1402 3614 in
1422 3553 1528 3614 fronte
1545 3553 1661 3616 altaris
1674 3569 1731 3614 or-

99 3667 168 3738 ejus.
183 3665 307 3727 Deinde
324 3664 489 3727 secundus
506 3663 679 3742 episcopus
699 3661 827 3723 accedit
838 3658 879 3721 ad
935 3656 1074 3720 dinatim
1094 3671 1169 3716 cum
1184 3653 1333 3726 silentio·
1347 3650 1479 3731 quando
1491 3651 1602 3714 autem
1615 3651 1732 3713 Ponti-

101 3777 197 3835 pacem
229 3763 413 3834 Pontificis,
450 3763 483 3824 et
524 3761 698 3840 porrigens
731 3759 880 3823 osculnm
935 3755 992 3817 fex
1003 3754 1093 3826 dicit,
1102 3755 1330 3816 PcuacDomirti
1339 3751 1385 3813 sit
1396 3765 1535 3827 semper
1546 3753 1729 3822 caducum,

100 3861 188 3934 priori
206 3877 278 3934 suo,
303 3862 369 3923 stat
386 3863 423 3922 in
436 3861 492 3921 filo
512 3860 553 3921 ab
566 3859 633 3922 alio
654 3859 758 3921 latere
772 3857 882 3920 Ponti·
937 3853 1048 3915 nullus
1072 3853 1103 3913 ei
1126 3850 1317 3928 respondet;
1350 3850 1383 3911 et
1412 3850 1491 3910 tunc
1517 3849 1676 3910 diaconus
1700 3849 1733 3909 el

101 3955 170 4018 ficis.
183 3960 290 4021 Ceteri
307 3974 388 4021 uero
405 3957 553 4036 episcopi
571 3956 726 4018 similiter
743 3954 880 4026 faciunt,
938 3951 1160 4014 subdiaconus
1172 3949 1384 4010 revertuntur
1396 3948 1559 4024 superius.

102 4057 270 4119 accedendo
290 4057 332 4118 ad
351 4072 466 4134 pacem
486 4055 667 4128 Pontificis,
687 4056 720 4117 et
731 4053 883 4132 ponendo
902 4096 904 4104 .
978 4051 1029 4110 35.
1044 4049 1154 4110 Finita
1167 4062 1257 4120 vero,
1271 4047 1373 4108 missa
1386 4047 1574 4116 coronatur,
1585 4045 1734 4120 reditque

102 4155 484 4234 scintilo.Priorquoque
497 4154 765 4233 presbyterorum
774 4151 885 4214 cardi·
940 4145 1279 4225 cumprocessionead
1287 4144 1459 4220 palatium,
1470 4144 1555 4204 sicut
1565 4141 1738 4217 supradic-

102 4252 211 4314 nulium
239 4253 357 4316 ductus
382 4256 459 4315 ante
485 4253 678 4314 Pontificem
704 4268 724 4313 a
757 4249 884 4313 dnobus
940 4251 1010 4310 tum
1026 4244 1128 4317 estin
1144 4240 1423 4318 supradictofesto
1437 4239 1542 4299 sancti
1554 4237 1734 4314 Stephani:

103 4351 298 4430 prasbptaris,
308 4353 342 4413 et
352 4352 450 4414 tertio
465 4351 628 4428 postulata
642 4350 882 4423 benedictione,
940 4344 974 4407 et
990 4341 1135 4420 acceptis
1150 4338 1303 4400 laudibus
1317 4335 1517 4399 acardinale
1527 4333 1639 4396 Sancti
1654 4336 1737 4394 Lau·

103 4450 214 4513 accedit
225 4451 266 4512 ad
279 4466 396 4528 pacem
409 4449 579 4513 Pontificis,
592 4450 624 4510 et
643 4450 883 4526 episcoporum,
941 4442 1052 4514 rentii,
1070 4439 1200 4502 ducitur
1215 4454 1235 4498 a
1249 4435 1441 4516 primicerio
1462 4435 1495 4496 et
1509 4431 1737 4494 secundicerio

104 4549 129 4608 et
150 4549 260 4625 dirigit
282 4565 319 4610 se
343 4548 379 4608 in
407 4547 474 4608 filu.
504 4546 755 4624 subsequuntur
785 4546 886 4609 ceteri
938 4540 1108 4621 jndicibus
1121 4553 1196 4598 curn
1209 4535 1307 4596 mitra
1322 4535 1356 4594 in
1371 4533 1511 4594 basilica
1523 4546 1643 4606 magna
1658 4533 1738 4591 Leo·

105 4645 271 4724 presbyteri
296 4644 500 4720 cardinales;
532 4644 707 4721 praefectus
744 4661 884 4722 quoque,
943 4642 1043 4703 niana
1059 4634 1116 4716 (c),
1135 4650 1207 4712 quae
1223 4631 1344 4693 dicitur
1358 4633 1441 4692 Casa
1456 4631 1574 4706 Maior,
1589 4627 1646 4688 ubi
1661 4627 1739 4690 sunt

102 4743 225 4818 judices,
248 4743 398 4823 praefecti
417 4743 598 4817 navalium,
621 4742 784 4817 advocati,
804 4743 888 4804 scri·
942 4735 1130 4820 praeparata
1145 4731 1297 4792 undecim
1314 4745 1448 4792 scamna
1472 4728 1561 4790 circa
1590 4743 1738 4788 mensam

136 4895 172 4971 la)
191 4901 230 4956 La
256 4899 303 4956 via
324 4897 470 4956 Merulam
493 4895 608 4954 canduit
637 4911 672 4952 cn
695 4895 775 4968 ligne
798 4893 889 4953 droite
944 4893 972 4952 S.
987 4887 1137 4957 Corneille,
1156 4883 1230 4959 apud
1249 4883 1355 4954 Euseb,
1372 4883 1422 4940 lor.
1439 4883 1498 4952 cit„
1519 4879 1659 4969 enomere
1676 4887 1741 4964 sept

106 4963 214 5026 lasciui
224 4972 296 5027 Jean
310 4969 346 5025 de
361 4967 494 5026 Latroni
511 4969 606 5026 Sainte
617 4969 705 5026 llarie
715 4967 853 5040 llajcure.
944 4956 1247 5044 sous-diacresdansle
1257 4953 1566 5037 catalogucdesclcrcs
1576 4952 1612 5010 de
1622 4953 1631 5008 l
1641 4953 1740 5036 Eglrsa

133 5039 169 5110 fi)
186 5041 224 5097 Le
237 5039 357 5098 nombre
372 5039 423 5096 des
437 5039 559 5104 diacres,
573 5053 645 5112 pour
674 5040 770 5095 suivre
784 5039 890 5112 l'esprir
944 5039 1092 5094 llomarne.
1110 5031 1210 5112 Gruter
1225 5027 1319 5085 donne
1334 5026 1384 5108 des
1399 5032 1581 5109 mscnptrons
1595 5032 1738 5114 mep'trpn.

106 5105 132 5164 de
141 5111 314 5169 l'institnllon
324 5111 510 5184 apostolique,
523 5108 592 5168 etait
602 5107 890 5166 tros-ancienucmem
945 5103 1076 5165 nunides
1091 5100 1292 5181 sous-dracres.
1310 5099 1460 5155 ilerncsrns
1479 5103 1612 5178 rapporta
1633 5095 1740 5178 lappis·

106 5177 148 5238 firi
167 5181 182 5240 ir
198 5191 259 5255 sapt
274 5181 347 5239 dans
361 5182 388 5240 la
398 5181 514 5308 plupart
530 5179 581 5238 des
593 5169 707 5264 Egliscs
725 5180 760 5236 de
775 5179 891 5238 l’Oricnt
945 5179 1001 5252 phe
1019 5175 1054 5231 de
1069 5175 1175 5240 Pleno,
1188 5169 1361 5229 sous-diacre
1376 5167 1412 5224 de
1427 5169 1453 5224 lu
1467 5163 1624 5238 qnatrrtme
1639 5179 1740 5237 region

107 5252 171 5310 etde
190 5253 355 5312 l’Occident.
375 5244 451 5327 LEg
464 5255 505 5310 ise
526 5251 666 5309 Romame
680 5265 716 5307 en
733 5251 807 5308 arati
829 5258 891 5323 sept
945 5251 980 5307 de
997 5238 1112 5320 l'liglisc
1128 5241 1281 5327 Primatum
1301 5241 1339 5298 ll.
1352 5237 1500 5322 .d‘?.R⁰⁸⁸¹⁵
1516 5237 1586 5293 celle
1608 5235 1644 5320 de
1663 5237 1738 5296 blar-

107 5333 134 5377 ru
146 5332 236 5397 temps
250 5324 287 5382 de
300 5326 329 5384 S.
349 5325 499 5394 Corneliis,
514 5337 550 5380 en
561 5325 623 5393 atil,
640 5320 752 5394 d'aprbs
766 5320 889 5390 Eusebe,
945 5321 1042 5388 cellos,
1056 5313 1230 5399 suusdracre
1243 5311 1279 5369 de
1294 5312 1319 5367 la
1336 5323 1454 5366 srxreme
1460 5323 1470 5380 3
1491 5307 1656 5390 Zacclrarra,¹
1670 5309 1742 5368 celle

107 5393 166 5452 nur.
186 5397 248 5452 eccl.
272 5395 725 5466 vl,ls.Prudencere1nar-que
748 5394 774 5451 la
797 5395 891 5450 moure
946 5393 983 5452 dn
1009 5387 1183 5448 sousdracre
1209 5382 1374 5468 sapardus,
1395 5387 1450 5437 etc.
1476 5381 1530 5464 bes
1551 5379 1741 5437 sous-dracres

108 5463 310 5539 close,parlant
321 5465 358 5523 dn
369 5465 536 5540 rempsdeS.
545 5468 676 5534 Laureut,
688 5465 840 5535 PeriStcplr
851 5465 890 5521 ll.
946 5463 1052 5523 etaient
1066 5459 1140 5516 donc
1148 5451 1303 5541 arlacbesb
1316 5453 1391 5538 lupe
1402 5451 1452 5509 des
1465 5465 1582 5524 regions
1594 5450 1629 5508 de
1640 5452 1739 5517 Rome,

109 5535 138 5591 Le
148 5538 255 5596 solicite
268 5537 304 5594 de
318 5536 498 5596 neocesariae
511 5536 638 5595 ordonna
654 5536 721 5609 qu’il
736 5536 783 5610 n'y
793 5551 829 5593 en
846 5551 892 5593 au·
946 5549 1059 5596 comme
1071 5532 1113 5588 ies
1128 5529 1238 5611 dracres
1252 5538 1442 5608 eux-memes
1494 5594 1499 5607 Ι

109 5608 150 5664 rair
169 5625 219 5681 pas
237 5609 412 5682 davantage,
428 5611 524 5666 meme
538 5607 610 5666 dans
629 5609 670 5665 les
690 5607 753 5678 plus
767 5607 892 5680 grandes
983 5605 1033 5680 lt).
1055 5607 1095 5662 Do
1114 5599 1230 5658 basilica
1247 5598 1401 5665 bruniana,
1415 5593 1474 5653 vid.
1490 5597 1581 5666 rrrsre,
1595 5608 1624 5650 u.
1637 5591 1681 5658 38,
1693 5587 1740 5646 ubl

109 5677 185 5752 villos,
196 5680 379 5738 s'autorisant
390 5679 440 5737 des
453 5681 534 5737 Actes
545 5681 592 5736 der
604 5679 625 5736 Α
628 5677 733 5750 pirrus.
744 5682 785 5736 bo
798 5681 892 5738 meme
945 5681 1011 5737 sita.
