3954 6358
72 339 127 402 oei
716 336 769 400 hh
790 337 986 404 ADVENTU
1011 343 1050 405 11.
1654 337 1714 399 622

75 499 220 572 Quatuor
233 497 362 562 Domini
384 498 489 562 nostri
509 500 590 563 lesu
603 497 725 562 Christi
740 498 866 562 adven·
917 503 1052 581 propria
1066 501 1168 575 venit,
1185 501 1272 564 idest
1287 501 1322 563 in
1337 516 1437 564 carne
1453 502 1566 566 nostra
1579 499 1712 564 mortali

76 599 127 660 tus
162 596 334 660 distinctos
363 597 552 660 invenimus
596 596 632 658 in
670 597 862 675 scripturis.
917 616 1016 676 quam
1031 601 1103 678 ipse
1120 598 1208 674 lecit,
1226 601 1306 680 qnia
1325 599 1481 662 formavit
1492 599 1661 660 hominem
1671 598 1711 660 de

76 695 204 756 Primus
218 695 279 758 tuit
288 695 324 756 in
335 711 446 770 carne,
458 695 623 757 secundus
636 696 686 757 est
697 694 732 755 in
740 694 861 771 gratia,
917 697 997 760 limo
1013 698 1112 760 terrae
1134 698 1176 760 ad
1201 698 1380 774 imaginem
1405 700 1438 760 et
1461 696 1712 759 similitudinem

75 793 188 856 tertius
217 793 251 855 in
278 794 399 866 morte,
422 793 561 872 quartus
581 792 647 856 erit
669 791 862 872 injudicio.
918 809 1024 858 suam.
1047 796 1169 858 Factus
1198 798 1249 857 est
1270 795 1368 858 homo
1387 795 1428 856 ad
1448 795 1629 871 imaginem
1652 793 1712 854 Dei

74 891 204 952 Primus
228 889 291 953 mit
306 891 341 952 in
365 890 550 965 dulcedine,
573 889 739 953 secundus
761 889 864 952 estin
917 909 977 972 per
999 893 1204 966 memoriam,
1225 892 1491 970 intelligentiam,
1513 895 1546 954 et
1561 891 1714 953 dilectio·

74 987 244 1066 sapientia,
257 988 376 1052 tertius
390 988 443 1052 est
457 988 492 1051 in
506 988 630 1062 furore,
648 987 787 1067 quartus
800 986 865 1050 erit
916 1006 1003 1053 nem.
1025 989 1142 1054 Unde:
1164 991 1374 1053 Meminerim
1394 993 1439 1064 te,
1459 990 1646 1066 intelligam
1666 989 1710 1061 te,

74 1087 107 1148 in
118 1085 357 1162 indignatione.
539 1159 541 1164 ,
917 1088 1053 1166 diligam
1064 1087 1306 1167 te,juxtaillud
1323 1088 1359 1150 in
1378 1089 1481 1164 hege:
1501 1089 1630 1162 Dttges
1644 1090 1714 1149 Do-

111 1183 242 1246 Primus
267 1183 429 1247 adventus
453 1182 518 1247 tuit
542 1185 578 1246 in
602 1182 777 1246 dulcedine
805 1198 865 1261 per
916 1190 1051 1248 minum
1071 1189 1182 1248 Deum
1205 1187 1303 1248 tatum
1316 1200 1363 1248 em
1381 1185 1449 1248 toto
1470 1188 1587 1257 corde,
1611 1184 1646 1246 et
1666 1197 1713 1246 aaa

74 1281 225 1344 humanae
238 1282 349 1344 carnis
362 1282 634 1360 assumptionem,
649 1281 780 1359 quando
793 1281 864 1359 ipse
918 1284 991 1346 toto
1003 1286 1124 1344 anima
1143 1284 1214 1344 tuo.
1237 1279 1345 1361 (Dent.
1361 1297 1406 1355 va,
1431 1280 1477 1360 5).
1503 1284 1568 1344 Per
1586 1295 1713 1342 memo·

75 1378 228 1441 Dominus
259 1379 373 1442 noster
405 1379 511 1442 tactus
534 1380 585 1442 est
612 1378 715 1442 trater
738 1380 861 1453 noster,
916 1381 1002 1442 riam
1015 1381 1134 1464 similis
1150 1381 1252 1453 Patri,
1270 1396 1330 1457 per
1343 1378 1598 1456 intelligentiam
1613 1377 1710 1450 Filio,

74 1477 148 1554 quia
163 1476 237 1554 ipse
257 1476 308 1539 est
327 1493 364 1539 os
384 1493 427 1540 ex
447 1477 577 1556 ossibus
595 1477 718 1540 nostris
739 1478 773 1539 et
786 1493 864 1539 caro
917 1477 1208 1556 perdilectionem
1228 1477 1367 1557 Spiritui
1392 1477 1524 1538 Sancto.
1548 1480 1614 1539 Per
1636 1489 1710 1536 me-

75 1575 225 1636 decarne
244 1575 370 1637 nostra.
389 1578 463 1653 Ipse
477 1574 588 1638 attulit
605 1589 748 1653 namque
769 1575 864 1636 nohis
917 1575 1057 1638 moriam
1069 1575 1192 1638 dicitur
1201 1576 1321 1638 similis
1333 1576 1427 1639 Patri
1445 1575 1576 1636 ratione
1590 1573 1713 1635 simili-

73 1685 139 1730 suae
153 1669 340 1734 divinitatis
359 1671 589 1743 aeternitatem,
607 1671 774 1748 etrecepit
785 1685 865 1731 nos-
917 1673 1055 1747 tudinis,
1071 1689 1139 1736 non
1160 1674 1375 1752 proprietatis
1393 1673 1621 1751 expressione.
1636 1672 1712 1733 Non

75 1768 130 1828 trae
145 1769 257 1830 carnis
276 1769 522 1831 mortalitatem.
540 1768 636 1830 Dedit
654 1767 750 1830 nobis
769 1783 863 1830 suam
917 1773 1007 1834 enim
1030 1772 1191 1836 memoria
1203 1772 1337 1850 proprie
1359 1773 1393 1832 in
1417 1775 1520 1832 Deum
1540 1770 1639 1843 cadit,
1656 1769 1713 1847 qul

72 1866 229 1942 gloriam,
264 1867 298 1928 et
332 1866 478 1945 suscepit
500 1867 649 1928 nostram
681 1866 860 1954 miseriam.
916 1887 1084 1948 nunquam
1106 1869 1329 1943 obliviscitur,
1348 1868 1405 1930 sed
1421 1868 1499 1946 quia
1521 1867 1629 1929 solent
1652 1883 1713 1944 pa-

74 1965 221 2041 Suscepit
240 1965 343 2041 igitur
361 1965 397 2026 in
413 1981 448 2026 se
467 1979 598 2042 poenam
617 1980 677 2042 pro
697 1963 860 2037 omnihus,
915 1969 983 2030 tres
996 1968 1197 2044 longevitate
1212 1967 1308 2046 plura
1323 1981 1508 2028 memorare
1524 1981 1622 2044 quam
1637 1963 1709 2024 filii.

74 2063 108 2124 ut
128 2063 221 2125 daret
251 2079 310 2139 per
330 2079 367 2124 se
388 2063 529 2139 gloriam
553 2062 730 2124 universis.
759 2063 863 2138 Igitur
916 2071 982 2128 Per
996 2065 1250 2142 intelligentiam
1264 2064 1359 2138 Filio,
1377 2063 1571 2143 quiaFilius
1587 2062 1710 2124 estse·-

74 2162 153 2222 Deus
172 2161 370 2223 humiliatus
392 2161 443 2222 est
463 2160 692 2233 inhominem,
710 2160 745 2221 ut
764 2160 861 2222 homo
916 2165 1041 2241 pientia
1060 2164 1181 2236 Patris,
1200 2162 1281 2240 Tquae
1307 2178 1350 2224 ex
1372 2178 1429 2224 ore
1452 2161 1613 2224 Altissimi
1633 2175 1713 2236 pro-

73 2257 264 2321 suhhmaret
275 2259 311 2320 in
322 2262 437 2320 Deum.
450 2259 548 2321 Dives
559 2258 817 2336 pauperatusest
827 2257 861 2318 in
915 2262 986 2335 diit,
1014 2261 1234 2339 primogenita
1257 2261 1335 2322 ante
1356 2275 1486 2322 omnem
1511 2259 1709 2322 creaturam.

76 2371 261 2434 pauperem,
282 2360 319 2418 ut
336 2373 462 2435 pauper
483 2356 645 2419 ditaretur
659 2355 694 2416 in
713 2356 859 2418 divitem.
916 2363 981 2422 Per
990 2361 1200 2422 dilectionem
1214 2358 1353 2436 Spiritui
1372 2358 1503 2429 Sancto,
1516 2356 1594 2434 quia
1610 2356 1712 2433 Spiri-

75 2454 200 2516 Infirma
221 2456 346 2517 etenim
368 2456 493 2528 nostra,
510 2455 597 2516 sicut
611 2454 743 2526 samem,
760 2454 860 2523 sitim,
915 2459 968 2520 tus
984 2458 1124 2519 Sanctus
1144 2459 1297 2518 estamor
1309 2456 1419 2517 Patrls
1434 2456 1467 2516 et
1483 2455 1571 2527 Filii,
1589 2453 1708 2516 ambo-

75 2551 311 2626 lassitndinem,
324 2554 527 2632 caeterosque
540 2552 729 2628 corporales
747 2551 860 2614 defec—
915 2571 1054 2632 rumque
1065 2554 1241 2618 connexio.
1259 2555 1400 2630 ideoque
1413 2569 1479 2614 non
1492 2552 1577 2613 dixit
1589 2567 1707 2623 meam,

75 2649 132 2719 tus,
155 2651 279 2727 praeter
302 2652 484 2728 peccatum,
502 2667 561 2728 pro
588 2649 683 2711 nohis
702 2651 772 2727 pati
795 2666 861 2712 non
914 2654 1002 2716 idest
1019 2653 1140 2726 Patris,
1160 2652 1281 2714 ethilii
1296 2653 1328 2713 et
1346 2651 1488 2728 Spiritus
1502 2649 1612 2711 Sanct'
1630 2651 1711 2710 tan-

76 2746 207 2810 horruit.
228 2750 268 2809 In
284 2765 395 2820 carne,
417 2763 490 2826 quae
508 2749 584 2809 sunt
599 2746 787 2824 hujusmodi
804 2763 862 2809 re·
914 2754 995 2824 tum,
1022 2750 1079 2813 sed
1103 2751 1262 2823 nostram,
1286 2749 1372 2811 idest
1393 2748 1503 2810 Patris
1527 2749 1559 2809 et
1582 2745 1660 2808 Filii
1677 2749 1713 2808 et

75 2845 167 2906 tinuit
191 2847 371 2923 potestate,
400 2845 558 2908 sustinuit
582 2845 769 2917 voluntate,
795 2861 862 2906 non
916 2849 1059 2928 Spiritus
1079 2849 1203 2910 Sancti.
1227 2849 1266 2910 Et
1284 2847 1358 2908 ideo
1379 2844 1523 2908 dicitur:
1541 2847 1711 2920 faciemus

74 2959 181 3018 passus
196 2945 409 3007 necessitate.
424 2944 507 3016 Quia
521 2943 572 3004 illi
585 2944 690 3021 pietas
702 2943 782 3005 lecit
795 2959 877 3004 non
914 2951 1086 3010 concisam
1112 2949 1157 3008 aot
1181 2949 1370 3022 sartagmem
1390 2945 1425 3006 et
1449 2943 1711 3006 stotttitudincm

74 3039 200 3116 dignum
211 3043 302 3120 quod
317 3042 413 3104 nobis
426 3042 563 3103 miseria
572 3041 731 3102 reddebat
744 3057 863 3102 neces-
915 3047 1073 3108 nostram
1093 3041 1188 3123 (Gen.
1205 3059 1227 3116 1,
1248 3044 1298 3104 26.
1322 3045 1405 3104 Dum
1428 3041 1508 3103 dicit
1529 3041 1571 3102 ad
1585 3039 1709 3116 imagi.-

74 3140 200 3201 sarium.
229 3143 299 3202 Hoc
324 3141 434 3202 autem
463 3139 706 3202 incarnationis
732 3139 860 3202 Divinae
914 3157 1001 3214 nem,
1016 3142 1108 3203 notat
1119 3141 1205 3202 hona
1216 3141 1360 3214 naturae3
1378 3137 1546 3200 subdendo
1559 3137 1601 3198 ad
1616 3137 1712 3198 simi-

75 3239 260 3314 mysterium
291 3238 333 3300 ah
357 3241 482 3300 aeterno
507 3238 705 3314 repositum,
732 3237 860 3313 angelis
914 3239 1100 3308 litudinem,
1115 3237 1305 3300 uotathona
1320 3237 1448 3314 gratiae.

75 3335 315 3398 sublimioribus
348 3335 520 3408 creditum,
541 3334 672 3396 diabolo
697 3335 859 3407 celatum,
953 3342 997 3400 Ira
1006 3337 1467 3414 proprtaocnttcisuieum
1483 3346 1708 3407 notarecepe-

74 3432 230 3496 redditum
255 3434 354 3496 estin
373 3434 490 3495 Maria.
516 3433 711 3509 Susceptum
735 3431 776 3494 ah
799 3435 862 3493 lle-
913 3437 1008 3498 ritui.
1026 3434 1095 3506 Sui,
1113 3433 1200 3495 idest
1212 3433 1320 3496 Judaei
1332 3448 1407 3493 eum
1421 3448 1487 3493 non
1498 3431 1706 3506 receperunt,

73 3529 176 3604 alesia,
199 3533 274 3594 sine
300 3531 366 3593 fine
386 3531 588 3593 celebratum
611 3531 647 3591 in
668 3529 787 3606 gloria.
811 3529 860 3590 Ad
914 3533 971 3594 sed
985 3531 1177 3610 spernentes
1192 3530 1364 3592 dixerunt:
1378 3533 1546 3592 Nolumus
1558 3531 1647 3589 hunc
1657 3541 1710 3589 re-

75 3627 130 3689 hoc
142 3629 253 3708 itaque
269 3630 442 3692 nobiscum
457 3629 542 3690 vixit
552 3628 586 3689 in
602 3644 714 3700 carne,
730 3629 765 3688 ut
779 3643 861 3704 prae·
913 3646 1023 3709 pacare
1040 3644 1147 3704 seper
1170 3642 1232 3689 nos
1250 3625 1333 3706 (Luc
1346 3643 1418 3695 xix,
1435 3623 1499 3700 14).
1520 3625 1582 3688 Hic
1596 3624 1708 3701 itaque

75 3724 166 3789 terret
183 3729 338 3804 exempla
354 3727 504 3805 justitiae.
530 3726 578 3788 Ad
603 3726 665 3787 hoc
683 3741 742 3803 pro
765 3724 860 3786 nohis
913 3729 1074 3792 adventus
1089 3727 1152 3788 luit
1169 3727 1204 3787 in
1219 3725 1403 3787 dulcedine.
1426 3727 1505 3796 Quae
1521 3723 1609 3785 enim
1631 3737 1707 3783 ma-

75 3825 202 3886 mertem
217 3823 333 3892 suhiit,
350 3825 386 3884 ut
400 3823 567 3885 conterret
581 3837 719 3884 munera
742 3821 860 3884 salutis
909 3831 966 3905 jor
989 3825 1129 3888 dulcedo
1157 3824 1265 3908 potest
1290 3839 1364 3885 esse
1388 3822 1423 3884 in
1446 3822 1510 3884 hac
1526 3821 1596 3883 vita
1608 3837 1706 3898 quam

76 3923 210 3986 aeternae·
224 3923 379 3984 Traditus
390 3922 548 3994 ostentm.
564 3923 600 3984 ut
611 3921 658 3982 ait
670 3920 858 3998 apostolus,
913 3925 976 3988 snit
994 3925 1053 3986 illa
1076 3925 1116 3984 de
1138 3937 1203 4000 qua
1226 3921 1307 3984 dicit
1327 3921 1448 3982 isaias:
1475 3925 1628 3994 Populus
1650 3919 1709 3993 pot

75 4022 197 4096 Propter
209 4021 346 4099 peccata
355 4021 479 4091 nostra,
493 4018 688 4081 vulneratus
699 4018 751 4079 est
760 4033 862 4094 prop·
912 4023 1049 4086 sedehat
1073 4025 1110 4082 m
1135 4022 1283 4082 tenebris
1307 4021 1394 4079 otdti
1417 4023 1526 4081 iucem
1542 4031 1708 4094 magnam

74 4115 118 4176 ter
133 4119 259 4180 scelera
278 4117 402 4178 nostra.
424 4120 508 4178 Ecce
528 4116 701 4192 plagarum
718 4116 858 4176 curatio.
914 4119 970 4201 (Is.
987 4135 1035 4191 tx,
1049 4116 1095 4198 2),
1111 4117 1197 4178 idest
1208 4115 1416 4178 nativitatem
1431 4115 1566 4176 Christi.
1589 4115 1629 4174 Et
1640 4129 1707 4174 na-

75 4213 296 4278 Etresurrenit
306 4213 702 4293 propterjustllloationes
715 4213 856 4274 nostras.
912 4219 1026 4281 tivitas
1041 4215 1164 4276 Christi
1176 4213 1239 4274 luit
1248 4213 1308 4274 lux
1321 4227 1400 4274 vera
1416 4225 1490 4288 qnae
1504 4210 1707 4273 illuminavit

75 4312 148 4374 Ecce
169 4314 375 4390 perditorum
397 4311 577 4390 reparatio·
602 4310 752 4372 Portavit
771 4311 860 4372 enim
912 4317 1016 4378 totum
1042 4312 1167 4380 orbem,
1195 4309 1282 4372 siout
1309 4308 1389 4371 dicit
1417 4308 1594 4370 Zacharias
1624 4309 1710 4368 Pro-'

75 4413 198 4484 peccata
209 4411 324 4472 nostra
338 4411 374 4471 in
387 4425 447 4471 suo
461 4423 599 4486 corpore
610 4424 709 4484 super
718 4407 857 4482 lignum,
914 4413 1022 4492 pheta,
1031 4412 1126 4490 pater
1138 4408 1298 4472 loannis:
1315 4410 1517 4470 illuminare
1529 4409 1583 4468 his
1595 4407 1655 4479 out
1671 4408 1708 4466 tn

76 4507 153 4571 sieut
166 4509 246 4570 dicit
260 4508 384 4570 Isaias:
413 4511 498 4569 Vcre
516 4512 700 4582 languores
723 4506 860 4567 nostros
914 4513 1063 4575 tenebris
1086 4510 1120 4571 et
1138 4510 1262 4570 cimbro
1276 4505 1400 4567 mortis
1417 4502 1511 4582 (Luc.
1527 4518 1550 4575 1,
1564 4500 1629 4580 79).
1651 4503 1709 4564 Est

75 4607 139 4678 imo
169 4608 245 4670 tulit
280 4603 507 4685 (ls.n111‚4)·
534 4603 699 4674 Ροῐῖᾶῖίῖ,
729 4619 796 4664 11011
825 4601 861 4664 ul
914 4610 1002 4671 enim
1021 4622 1124 4668 unum
1142 4601 1572 4684 lumenetpluralumina.
1599 4601 1708 4672 Unum

75 4701 138 4778 ipse
152 4703 298 4776 haberet,
314 4703 370 4764 sed
387 4704 422 4764 nt
436 4719 456 4764 a
471 4701 566 4762 nohis
579 4699 735 4762 avaierret.
753 4700 861 4762 Idem·
913 4724 973 4785 per
982 4706 1147 4775 naturam,
1161 4702 1259 4779 plura
1279 4715 1338 4778 per
1352 4699 1505 4776 gratiam.
1520 4700 1629 4760 Unum
1644 4713 1707 4773 ge.

76 4815 132 4875 que
166 4803 338 4880 spinarum
369 4815 527 4862 coronam
557 4797 711 4874 gestavit.
738 4799 774 4860 ul
799 4813 859 4861 nos
914 4806 1031 4878 nitum,
1050 4800 1146 4879 plura
1168 4799 1291 4860 creata.
1313 4795 1370 4858 Est
1389 4794 1627 4858 enimverhum
1643 4797 1710 4856 Pa-

76 4899 182 4961 aeterni
196 4899 291 4976 regni
306 4897 494 4960 diademate
510 4895 697 4958 coronaret·
912 4903 974 4964 tris
996 4900 1107 4962 lumen
1127 4897 1169 4960 de
1194 4895 1329 4966 lumine,
1351 4894 1438 4956 sicut
1459 4895 1547 4954 Deus
1569 4892 1610 4954 de
1628 4895 1707 4954 Deo.

112 4997 172 5059 Iste
195 4997 355 5060 adventus
370 4995 433 5056 luit
451 4993 664 5069 indulgentiae
685 4993 764 5070 quia
787 4993 862 5054 exi·
915 4999 1008 5062 Unde
1021 4998 1057 5059 in
1074 4993 1255 5071 Evangeho
1270 5015 1277 5054 :
1292 4992 1383 5054 Erat
1398 4997 1461 5054 toro
1474 5005 1561 5054 vcra
1574 5006 1652 5066 quw
1668 4994 1710 5053 tt-

77 5095 196 5157 nanivit
216 5111 252 5156 se
276 5094 416 5156 formam
438 5092 526 5153 servi
539 5091 718 5168 accipiens.
733 5090 859 5152 Exina-
913 5096 1060 5161 luminat
1087 5092 1198 5174 (Joan.
1223 5106 1246 5164 1,
1267 5089 1312 5170 9).
1342 5089 1382 5152 nt
1403 5088 1504 5150 alibi:
1528 5091 1602 5165 Ego
1630 5101 1710 5150 stim

77 5190 154 5252 nivit
164 5209 210 5266 se,
226 5193 310 5254 idest
324 5189 514 5252 humiliavit
530 5187 710 5266 sequendo
726 5187 871 5250 exivita'
913 5201 976 5257 aaa
987 5196 1124 5265 munit&
1141 5193 1199 5266 qut
1213 5189 1322 5252 credit
1335 5184 1446 5266 (Joan.
1459 5199 1534 5256 vm,
1557 5182 1620 5262 12).
1637 5186 1724 5246 Lux.

77 5287 166 5350 Patre
181 5291 213 5353 et
227 5289 396 5352 descendit
408 5289 444 5350 in
458 5287 587 5348 uterum
600 5285 759 5360 Virginis.
774 5287 859 5346 Des·
914 5292 978 5354 ista
1000 5289 1121 5367 ubique
1137 5302 1285 5365 expansa
1300 5285 1360 5356 est,
1381 5299 1448 5344 non
1472 5281 1599 5343 habens
1623 5297 1708 5344 con-

79 5386 179 5450 cendit
192 5388 227 5448 in
242 5388 391 5458 matrem,
409 5385 465 5446 sed
478 5384 639 5445 remansit
657 5398 732 5443 cum
750 5383 858 5444 Patre·
914 5389 1036 5452 tractos
1051 5386 1213 5449 attenues
1230 5381 1343 5444 radios
1361 5379 1502 5457 replevit
1522 5379 1627 5442 totum
1649 5394 1709 5440 or·
1802 5447 1805 5456 ,

79 5483 221 5560 Suscepit
246 5482 485 5545 humanitatem
512 5481 569 5542 sed
593 5480 732 5542 retinuit
753 5480 862 5542 deita—
913 5488 998 5549 bem.
1027 5484 1066 5546 Et
1082 5482 1208 5545 David:
1231 5483 1309 5544 Non
1326 5479 1377 5540 est
1394 5480 1453 5552 qut
1470 5491 1507 5539 se
1528 5477 1711 5538 abscondat

79 5578 148 5638 tem.
172 5582 263 5644 Unde
277 5582 312 5643 in
324 5579 523 5656 Evangelio:
540 5580 742 5651 impropria
754 5579 858 5649 versit,
914 5600 936 5647 a
963 5589 1076 5646 calore
1102 5583 1177 5653 atus
1201 5576 1270 5658 (Ps.
1293 5578 1350 5649 18,
1378 5573 1424 5654 7).
1448 5573 1546 5635 Calor
1567 5575 1639 5649 ejus
1659 5572 1709 5634 est

79 5677 108 5735 et
121 5681 172 5740 sot
182 5695 258 5741 estin
273 5693 342 5742 iton
360 5676 566 5752 receperunt
579 5673 688 5754 (toan.
704 5690 727 5746 1,
745 5672 808 5754 11).
824 5678 860 5736 ln
915 5680 1071 5744 nativitas
1084 5675 1217 5748 Christi,
1233 5691 1252 5738 a
1268 5689 1331 5753 quo
1345 5673 1467 5746 calore,
1479 5670 1562 5734 vela
1576 5686 1639 5748 qua
1653 5683 1710 5730 na.
