3954 6358
72 404 127 470 785

71 563 143 644 quia
165 559 258 624 multi
279 558 407 624 tantum
436 560 623 637 comedunt,
646 559 733 640 quod
758 559 856 622 lniir-

71 661 197 726 mantur
216 659 269 722 vel
292 659 490 721 moriuntur.
522 659 615 722 Unde
639 657 854 722 Ecclesiasti-

71 776 124 823 cus
139 781 146 819 ε
162 759 314 833 Propter
335 763 514 833 crapulam
535 759 635 820 mulii
658 757 853 833 perierunt.

71 861 130 925 oui
160 855 276 918 autem
293 856 470 918 abstinens
495 855 558 928 esi,
588 855 727 928 amiciet
746 855 855 916 cilum

72 952 166 1035 (uccl.
188 965 320 1025 xxxam,
336 952 403 1031 34),
426 950 521 1026 idest,
538 953 715 1014 accrescet.
731 954 778 1013 De
793 952 856 1013 hac

69 1051 208 1129 crapula,
238 1066 298 1112 seu
332 1049 443 1112 carnis
483 1050 623 1113 lascivia
659 1050 855 1113 ieremias:

73 1151 179 1213 Vliula
187 1155 324 1226 clepans
338 1150 371 1211 cl
383 1150 538 1224 fumosa
548 1149 859 1226 aperitissime

69 1243 855 1326 lalorabaqulloneocnletcl(terem.xnv1,20).

67 1343 223 1422 egyptus
232 1344 471 1421 interpretatur
479 1343 637 1419 tenebrae,
647 1345 680 1407 et
691 1343 858 1422 significat

67 1457 200 1520 corpora
213 1442 338 1516 nostra,
359 1459 433 1521 quae
457 1457 588 1520 semper
611 1443 688 1505 sunt
708 1442 743 1504 in
763 1443 859 1505 tene-

67 1539 141 1612 bris,
158 1536 235 1618 quia¹
251 1555 383 1618 semper
402 1539 519 1603 vivunt
537 1539 572 1601 in
596 1541 754 1619 peccatis,
780 1541 857 1618 quia

67 1637 177 1698 vivunt
198 1637 379 1699 secundum
410 1651 556 1710 carnem,
588 1653 654 1699 non
676 1638 858 1700 secundum

68 1735 226 1812 spiritum.
264 1735 348 1807 Quid
380 1734 469 1796 enim
510 1735 642 1810 caecius,
659 1735 736 1813 quid
758 1737 857 1797 iene-

67 1833 191 1894 brosius
216 1848 327 1906 carne,
347 1849 431 1910 quae,
455 1833 521 1894 nisi
541 1833 671 1896 ratione
696 1833 860 1896 refraene-

67 1933 127 2004 iur,
153 1931 273 2009 quaerit
300 1947 431 2009 semper
464 1931 673 1994 delectabilia
704 1932 737 1994 et
769 1948 858 1994 nun-

67 2029 858 2108 quamutiliaiAEgyptusinterpretaturtenebrae

67 2128 119 2187 aut
142 2125 314 2189 tribulatio
352 2128 588 2204 coangustans,
625 2131 658 2190 et
692 2129 860 2205 significat

66 2239 192 2286 carnem
233 2226 392 2299 nostram,
423 2242 496 2304 quae
525 2226 681 2288 obscurat
700 2226 858 2289 intellec·

66 2323 128 2384 ium
152 2322 296 2385 rationis
321 2324 455 2401 propter
477 2323 615 2386 nimiam
637 2324 856 2398 saturitatem,

66 2420 97 2480 et
129 2419 211 2496 ¹ideo
251 2421 373 2482 dicitur
405 2420 575 2484 tribulatio
615 2420 855 2498 coangustans,

65 2517 136 2594 quia
161 2518 320 2595 angustat
352 2517 498 2582 animam
526 2519 630 2580 variis
663 2520 857 2581 criminibus

67 2617 96 2676 et
131 2615 415 2678 tribulationibus.
455 2619 620 2694 AEgyptus
654 2617 705 2679 θεῖ
738 2618 855 2691 vitula,

67 2713 137 2790 quia
150 2729 231 2775 caro
246 2714 296 2776 est
311 2714 449 2790 lascive,
468 2714 599 2792 quando
612 2714 664 2777 est
677 2715 812 2792 elegans
825 2716 858 2778 ei

66 2809 215 2884 formosa,
233 2811 330 2886 idest,
350 2811 485 2890 pinguis
509 2813 542 2874 et
561 2813 711 2890 pulchra.
738 2813 859 2875 Stimu-

67 2907 145 2969 lator
156 2911 207 2972 est
222 2909 362 2987 quilibet
384 2910 551 2988 malignus
574 2911 723 2988 spiritus.
737 2912 857 2990 Aquilo

66 3007 111 3068 est
136 3010 246 3086 major
272 3007 435 3070 diabolus.
469 3008 664 3070 stimulator
695 3010 789 3072 venii
815 3010 857 3072 ab

66 3104 227 3184 aquilone,
241 3106 373 3183 quando
388 3106 553 3183 malignus
571 3107 707 3186 spiritus
722 3108 858 3186 propter

65 3203 193 3264 multam
220 3203 427 3265 saturitatem
447 3204 590 3267 mittitur
611 3221 631 3267 a
657 3205 789 3268 diabolo
814 3207 855 3268 ad

65 3300 296 3362 stimulandam
312 3317 446 3363 carnem
467 3302 612 3365 hominis
632 3319 691 3381 per
704 3303 856 3366 ardorem

70 3395 224 3459 libidinis.
249 3399 342 3461 Unde
363 3400 466 3462 David
493 3420 502 3460 l
530 3401 594 3467 Olli
615 3401 778 3463 tribulant
801 3417 857 3464 me

68 3497 282 3569 ebeliacum,
313 3500 345 3559 si
375 3498 489 3559 maius
515 3499 616 3572 utera
638 3495 706 3578 (Ps.
729 3500 781 3571 12,
809 3496 855 3579 5).

67 3592 101 3653 iit
114 3595 320 3670 Gregorius:
341 3595 495 3657 «Nullus
516 3595 552 3657 in
576 3595 639 3657 hac
661 3595 731 3658 rita
746 3595 857 3674 justo-

64 3705 130 3750 rum
155 3692 250 3754 venii
268 3692 324 3769 qui
348 3707 414 3754 non
439 3693 567 3771 antiqui
584 3693 690 3756 hostis
715 3693 856 3756 insidias

64 3803 173 3864 passus
199 3789 245 3852 sit
267 3807 296 3850 a.
318 3790 401 3852 Gula
422 3790 572 3854 debilitat
591 3791 759 3866 virtutem,
777 3793 856 3872 quia

63 3885 211 3949 homines
237 3888 375 3950 multum
402 3889 612 3951 comedentes
648 3905 786 3952 necesse
807 3891 858 3953 θεῖ

64 4000 133 4046 θεεθ
155 3985 296 4058 debiles,
318 3985 402 4063 quia
431 4003 551 4063 magna
575 3988 713 4049 sarcina
730 3988 856 4050 ventris

62 4086 252 4159 gravantur.
270 4085 363 4146 Unde
375 4085 627 4146 Ecclesiasticus
643 4106 650 4146 :
666 4089 791 4148 Melior
805 4087 858 4148 est

62 4195 194 4255 pauper
204 4195 323 4253 sanus,
336 4181 369 4242 ei
378 4181 631 4256 forlisoirlbus,
645 4197 749 4256 ellam
761 4185 856 4244 diues

62 4279 233 4341 imbecillis
259 4275 360 4358 (Eccl.
392 4295 474 4352 xxx,
510 4276 574 4359 ll).
602 4279 746 4341 Divitem
773 4279 857 4342 dixit

61 4389 129 4436 esse
143 4375 300 4449 debilem,
315 4377 392 4454 quia
405 4377 546 4439 mulium
559 4377 712 4450 comedit,
729 4392 858 4454 paupe-

60 4488 126 4534 rem
157 4474 290 4546 iortem,
327 4475 405 4551 quia
438 4491 557 4552 parum
587 4474 739 4537 comedit.
772 4474 855 4537 Gula

62 4569 213 4635 obscurat
236 4572 412 4645 rationem,
430 4573 507 4650 quia
528 4572 614 4634 sicut
637 4573 717 4634 dicit
734 4573 857 4635 Hiero-

61 4683 175 4746 nymus
193 4693 201 4732 ι
218 4671 385 4746 «Pinguis
397 4673 515 4732 venter
528 4687 593 4733 non
605 4671 714 4748 gignit
723 4671 856 4733 tenuem

61 4783 203 4830 sensum.
227 4768 351 4830 »Idem
377 4769 586 4832 sentiendum
605 4769 647 4831 de
668 4770 803 4832 luxuria
824 4772 857 4832 et

60 4867 212 4940 avaritia,
229 4869 261 4928 et
273 4867 411 4928 invidia.

98 4965 211 5026 Prima
231 4964 333 5037 lehre,
353 4964 448 5037 idest,
475 4965 552 5040 gula
565 4965 742 5029 tenebatur
756 4969 854 5040 Esau,

61 5061 189 5138 quando
205 5064 339 5140 propter
355 5062 548 5124 lenticulam
562 5063 712 5125 vendidit
726 5065 867 5142 primo·-

61 5160 170 5233 genita
193 5176 265 5233 sua,
297 5159 393 5232 idest,
428 5160 588 5222 honorem
614 5161 856 5238 primogenito-

61 5271 143 5317 rum.
183 5261 272 5319 Esau
307 5258 460 5334 designat
500 5258 654 5336 gulosos,
686 5260 743 5336 qui
774 5277 858 5323 ven-

62 5353 141 5418 dunt
164 5355 386 5434 primogenita
408 5371 472 5417 sua
492 5358 627 5434 propter
650 5357 854 5433 lenticulam,

61 5455 96 5513 ut
116 5455 194 5515 sunt
214 5454 263 5515 illi
280 5452 379 5515 hodie
392 5453 448 5531 qui
462 5453 610 5516 vendunt
623 5455 855 5532 primogenita,

63 5549 155 5623 idest,
199 5551 427 5614 haereditatem
467 5552 650 5628 paternam,
689 5553 856 5628 videlicet,

63 5647 179 5721 terras,
205 5651 333 5722 vineas,
361 5649 485 5726 palatia
518 5649 551 5710 et
579 5649 657 5722 alia,
691 5650 727 5711 ut
753 5651 856 5713 satis-

65 5743 186 5836 faciant
198 5747 319 5810 veniri.
341 5747 398 5810 Isti
412 5746 584 5824 negligunt
602 5747 762 5811 honoram
778 5765 857 5812 cor-

429 398 473 462 IN
496 395 626 461 nablo
648 398 1005 471 cathanensium.
1027 398 1153 467 nasia
1175 401 1344 476 obtura.
1435 463 1436 466 ,

1649 408 1709 470 786

910 575 1027 639 porum
1040 563 1072 626 et
1087 561 1338 626 retributionem
1359 561 1436 627 vitae
1452 564 1596 628 aeiernae.
1614 566 1709 632 Unde

910 659 1102 722 ieremias:
1134 665 1305 738 Princeps
1339 675 1498 724 cocorum
1532 663 1709 726 desiruml

911 771 1030 820 maros
1053 761 1257 821 Jerusalem.
1286 759 1446 837 Princeps
1478 775 1632 822 cocorum
1658 761 1710 830 est
1782 746 1784 750 ’

910 843 1036 926 venter,
1053 853 1131 932 quia
1146 871 1260 917 omnes
1272 857 1344 918 coci
1355 856 1545 919 ministrant
1556 857 1599 919 ei.
1614 860 1708 921 leru·

912 951 1017 1012 salem
1037 944 1094 1014 'est
1117 951 1225 1013 tidelis
1257 953 1380 1015 anima.
1408 954 1498 1016 Muri
1522 956 1707 1017 Jerusalem

912 1049 989 1112 sunt
1008 1049 1159 1113 virtutes.
1181 1051 1345 1131 ,Princeps
1370 1067 1525 1115 cocorum
1544 1052 1710 1115 destruxit

911 1163 1023 1210 muros
1048 1148 1246 1224 Jerusalem,
1271 1151 1348 1227 quia
1375 1167 1435 1228 per
1457 1152 1607 1213 rentmm
1632 1152 1709 1213 des-

910 1246 1068 1308 truuntur
1080 1261 1195 1310 omnes
1210 1247 1355 1310 honores
1373 1265 1549 1326 corporum
1561 1250 1594 1311 ei
1607 1249 1709 1312 virtu·

910 1343 961 1406 tes
991 1345 1189 1407 animarum.
1229 1346 1380 1408 Secunda
1412 1346 1504 1409 lehre
1534 1347 1709 1409 tenebatur

912 1443 1027 1516 David,
1061 1443 1192 1521 quando
1216 1445 1576 1522 concupivit.ux0rem
1604 1447 1706 1507 Uriae.
1754 1471 1756 1475 ·

912 1541 974 1602 Hic
1004 1541 1108 1605 David
1130 1542 1296 1619 significat
1321 1543 1537 1621 perniciosos,
1562 1544 1619 1620 qui
1640 1558 1708 1605 non

913 1638 1032 1701 currant
1054 1640 1094 1701 de
1117 1641 1274 1718 peccatis
1300 1639 1357 1702 sed
1377 1641 1606 1704 indifferenter
1626 1657 1707 1719 pec-

913 1739 999 1811 cant,
1016 1739 1107 1815 quia,
1128 1740 1214 1802 sicut
1234 1739 1314 1802 dicit
1336 1741 1549 1817 augustinus,
1573 1741 1709 1819 peccata

913 1836 1064 1914 quamvis
1087 1853 1208 1913 magna
1231 1839 1263 1900 et
1288 1838 1454 1900 horrenda
1477 1839 1553 1912 sint,
1575 1853 1650 1900 cum
1673 1839 1708 1898 in

913 1933 1184 1996 consuetudinem
1214 1936 1394 2007 venerunt,
1431 1938 1488 1998 aut
1514 1951 1617 2016 parva
1651 1934 1710 1996 aut

912 2031 1005 2092 nulla
1034 2031 1225 2094 creduntur.
1259 2032 1371 2095 Tertia
1408 2032 1499 2096 lehre
1536 2032 1712 2096 tenebatur

911 2129 1026 2203 ludas,
1061 2130 1205 2209 quando'
1224 2131 1376 2194 vendidit
1399 2132 1577 2193 Christum.
1606 2130 1709 2194 ludas

913 2225 970 2304 qui
999 2227 1149 2289 vendidit
1182 2228 1348 2291 Christum
1374 2228 1542 2306 significat
1569 2226 1709 2309 eosqui

912 2325 1047 2403 propter
1066 2326 1242 2404 pecuniam
1262 2327 1410 2390 rendunt
1427 2325 1604 2406 justitiam,
1631 2325 1709 2404 quia

912 2422 1062 2485 Christus
1080 2425 1211 2503 justitia
1239 2426 1300 2488 est.
1324 2425 1417 2488 Unde
1438 2425 1567 2488 David:
1590 2425 1710 2486 iustus

912 2526 1079 2584 Dominus
1092 2524 1271 2596 justiliam
1288 2524 1409 2586 clicuit
1425 2526 1491 2603 (Ps.
1516 2523 1564 2596 10,
1581 2525 1611 2604 8)
1622 2544 1630 2598 ;
1643 2522 1709 2583 lae·-

912 2619 994 2682 dunt
1007 2620 1177 2698 proximos
1199 2637 1288 2694 suos,
1308 2621 1384 2699 quia
1400 2635 1513 2683 omnes
1534 2618 1612 2681 honi
1634 2620 1711 2681 sunt

912 2718 1059 2779 membra
1073 2717 1206 2780 Christi.
1233 2719 1272 2780 Et
1298 2719 1385 2781 sicut
1405 2718 1486 2780 dic-it
1507 2717 1708 2800 Zacharias:

913 2817 976 2882 Olli
998 2815 1109 2892 talipit
1129 2831 1197 2889 eos,
1220 2817 1334 2902 tallpl't
1351 2820 1519 2892 pupillam
1543 2817 1631 2879 curli
1646 2817 1710 2876 lici

913 2912 1021 2988 (zach.
1037 2927 1073 2986 11,
1085 2910 1131 2991 8).
1148 2914 1271 2985 Quarta
1280 2913 1371 2975 lehre
1380 2911 1578 2975 tenebantur
1589 2911 1709 2972 iratres

910 3010 1046 3086 loseph,
1063 3009 1195 3088 quando
1221 2999 1282 3088 per
1311 3011 1471 3072 invidiam
1491 3008 1712 3072 vendiderunt

911 3121 1002 3182 eum,
1013 3107 1131 3185 quibus
1147 3109 1224 3170 sunt
1238 3108 1364 3170 similes
1377 3123 1491 3170 omues
1507 3107 1563 3185 qui
1575 3123 1635 3184 per
1649 3094 1711 3167 ind

910 3205 1035 3266 sidiam
1050 3205 1229 3268 detrahunt
1245 3207 1303 3269 aut
1316 3207 1437 3267 nocent
1449 3204 1611 3283 proximis
1625 3203 1706 3266 suis.

912 3302 1005 3364 Unde
1020 3303 1199 3365 Psalmista
1214 3325 1221 3364 ε
1235 3307 1349 3379 Super
1360 3319 1417 3366 eos
1428 3304 1548 3365 cecidit
1559 3305 1660 3380 ipnis,
1675 3302 1710 3363 et

911 3415 979 3462 non
991 3402 1154 3464 uiderunt
1164 3407 1271 3464 solem
1286 3399 1354 3480 (Ps.
1371 3402 1421 3474 57,
1435 3399 1481 3480 9).
1499 3403 1599 3478 Ignis,
1612 3397 1708 3461 scili·

911 3497 973 3571 cet,
998 3497 1145 3570 insidiae,
1171 3490 1421 3574 indignationis,
1448 3499 1480 3560 et
1514 3497 1593 3560 odii.
1622 3498 1709 3558 Nam

911 3596 1048 3657 eaarsli
1061 3599 1151 3672 lonis
1165 3599 1202 3657 ln
1216 3611 1390 3690 muopapa
1402 3597 1540 3670 Jcorum,
1556 3596 1589 3658 ei
1603 3595 1708 3668 iiam

910 3709 968 3756 ma
985 3693 1169 3756 combussit
1183 3695 1385 3769 peccatores
1409 3691 1478 3774 (Ps.
1505 3694 1573 3766 105,
1591 3692 1711 3773 istst

912 3791 1069 3853 Salomon
1085 3813 1093 3853 :
1109 3793 1147 3854 Si
1164 3791 1322 3854 mordeat
1344 3806 1489 3868 serpens
1503 3795 1540 3853 ln
1560 3793 1708 3864 silentio,

911 3893 995 3953 nillil
1016 3906 1055 3952 ea
1083 3893 1200 3952 minus
1222 3891 1322 3953 babet
1346 3893 1405 3964 qul
1436 3891 1562 3952 occulte
1587 3891 1710 3953 deira-

910 3987 1024 4051 hlt.....
1042 3986 1144 4067 (Ecci.
1160 4003 1194 4060 x,
1212 3984 1276 4067 11).
1296 3987 1397 4059 Quasi
1421 3987 1546 4048 diceret
1566 3989 1712 4049 Detrac-

912 4086 1034 4157 torcm,
1052 4084 1147 4162 quasi
1174 4100 1312 4160 serpens
1336 4085 1464 4146 occulte
1480 4083 1645 4146 mordens.
1664 4087 1711 4146 De

911 4181 1032 4260 quihus
1056 4181 1258 4259 Apostolus:
1283 4185 1443 4264 Maledici
1469 4197 1616 4259 reanum
1645 4185 1711 4244 Dei

911 4277 1404 4360 nonposslclebnnl(ICor.v1,
1423 4276 1486 4357 10).
1502 4279 1550 4341 Et
1562 4293 1712 4355 rocave-

911 4378 996 4440 runt
1021 4381 1116 4439 lllum
1135 4391 1202 4453 pro
1224 4391 1265 4439 ea
1287 4375 1383 4457 (ibid.
1408 4392 1455 4439 1v.
1482 4375 1548 4456 39).
1572 4377 1712 4454 Propter

912 4474 1119 4552 peccatorem
1142 4474 1262 4551 rogant
1283 4474 1406 4548 Sancti,
1435 4475 1556 4551 rogant
1578 4473 1708 4551 Angeli,

911 4588 1067 4651 rogamus
1083 4573 1183 4635 eiiam
1197 4587 1258 4634 nos
1271 4572 1347 4650 ipsi.

950 4672 996 4734 lli
1009 4672 1107 4733 stans
1129 4686 1236 4746 super
1253 4685 1331 4732 eam
1351 4671 1538 4747 lupercali
1555 4671 1654 4747 febri,
1678 4670 1712 4733 et

911 4770 1042 4833 dimisti
1066 4771 1160 4830 mam
1175 4766 1265 4839 (Luc.
1285 4783 1330 4841 rr,
1346 4766 1410 4842 39).
1434 4769 1581 4841 Quatuor
1604 4767 1711 4830 modis

912 4869 976 4930 stet
985 4867 1145 4928 Dominus
1157 4865 1409 4943 superanimam
1420 4867 1648 4943 peccatricem,
1659 4867 1713 4928 ri-

911 4965 1030 5028 delicet
1040 4964 1183 5026 offerens
1194 4964 1225 5024 ei
1238 4963 1500 5027 misericordiam
1513 4981 1619 5038 suam,
1631 4981 1713 5028 con-

911 5065 1022 5126 terens
1036 5050 1190 5140 matiam,
1209 5061 1414 5124 comminans
1431 5064 1463 5127 ei
1478 5079 1621 5140 poenam,
1633 5079 1713 5142 pro·

911 5163 1045 5224 mittens
1086 5161 1239 5238 gloriam.
1281 5159 1385 5223 offert
1427 5161 1710 5235 misericordiam,

911 5259 1044 5339 quando
1070 5258 1205 5321 dimittit
1225 5273 1285 5335 per
1305 5257 1532 5335 poenitentiam
1555 5260 1712 5322 universa

911 5358 1057 5437 peccata.
1075 5357 1169 5420 Unde
1184 5355 1334 5417 Ezechiel
1352 5377 1359 5416 :
1376 5360 1419 5418 ln
1433 5371 1644 5433 qlmcumquc
1658 5361 1712 5420 ille

911 5457 1070 5532 peccator
1090 5449 1277 5516 conuersae
1304 5453 1413 5530 itlerlt
1439 5456 1473 5517 ct
1493 5457 1710 5532 inpomiscel,

912 5557 1066 5617 millum
1083 5551 1307 5626 iniquitatum
1323 5554 1398 5625 eius
1417 5568 1486 5613 non
1506 5555 1713 5615 recordabor

914 5650 1057 5734 (Erech,
1077 5663 1180 5721 xvlu,
1195 5650 1246 5722 21,
1269 5647 1335 5727 22).
1353 5649 1486 5712 Confert
1505 5649 1534 5710 ei
1557 5650 1710 5727 gratiam,

913 5749 1118 5830 quandoper
1134 5743 1293 5826 Spiritum
1310 5747 1466 5810 Sanctum
1485 5747 1621 5826 adiuvat
1639 5763 1712 5811 eam
