3984 6292
74 344 128 403 tri

76 511 137 572 sibi
164 509 206 572 ab
231 526 298 572 uno
316 511 419 572 latere
442 507 543 572 fundo
557 508 736 580 Canneolo,
751 507 791 570 ab
805 507 888 570 alio'

76 609 187 670 casale
207 608 399 682 Miliariolo,
421 624 440 670 a
461 608 560 671 tertio
582 607 692 670 casale
707 605 869 678 Faustini,

76 724 94 768 a
109 708 228 784 quarto
243 707 412 776 Faustini,
424 707 511 784 jurIs
526 705 683 768 Ecclesiae
698 709 869 777 Romanae,

75 822 116 867 ex
144 819 284 883 corpore
307 805 499 882 patrimonii
523 804 706 866 suburbani
730 803 870 866 Tusciae.

76 904 216 966 Praestat
236 919 348 964 annue
369 902 491 965 bisant.
511 903 551 964 50
572 903 649 965 auri
670 902 766 964 solid.
782 902 872 963 Idem

75 1002 108 1062 in
122 1002 250 1074 eodem,
265 1000 435 1062 Gennadio
448 1000 582 1064 tribuno
604 1001 638 1064 et
651 1001 773 1073 Luciae,
782 1000 815 1062 et
831 1017 874 1062 ex

77 1115 192 1160 eorum
207 1099 415 1176 amplexibus
431 1097 509 1173 tiliis
524 1116 563 1162 ac
586 1099 779 1177 nepotibus,
796 1098 874 1159 tun-

76 1197 152 1258 dum
176 1197 370 1259 Pontianum
393 1197 427 1260 et
446 1199 666 1270 Leonianum,
682 1197 715 1260 et
733 1195 872 1257 fundum

79 1298 281 1368 Graecorum,
295 1296 328 1357 et
342 1295 564 1367 Tuticianum,
580 1295 636 1358 uia
651 1295 775 1367 Clodia,
792 1293 872 1355 mil-

77 1393 175 1455 liario
197 1392 271 1470 plus
292 1393 402 1456 minus
422 1409 523 1464 nono,
541 1409 585 1455 ex
605 1409 743 1470 corpore
764 1392 872 1470 patri-

76 1491 179 1552 monii
192 1491 333 1552 Tusciae.
350 1492 491 1552 Praestat
506 1490 874 1554 annuebisant.50auri

75 1589 172 1649 solid.
190 1588 279 1650 ldern
294 1589 329 1650 in
343 1589 457 1651 eodem
476 1589 638 1652 Studiosae
649 1588 803 1662 tribunae,
815 1604 872 1652 seu

74 1689 175 1748 Petro
194 1686 380 1764 jngalibus,
397 1686 609 1764 ejusdemque
633 1687 723 1749 Petri
743 1685 821 1748 tiliis
842 1687 875 1749 et

76 1784 265 1860 nepotibus,
282 1783 419 1846 fundum
433 1785 596 1857 Serrulas,
611 1784 749 1846 fundum
767 1784 875 1846 Sisin-

77 1882 278 1955 nianum,ex
289 1898 426 1960 corpore
441 1899 560 1944 massae
572 1882 707 1956 Silanis,
719 1882 875 1960 patrimo·

74 1981 132 2042 nio
148 1981 328 2042 Lauicano.
343 1980 508 2042 Praestant
518 1979 773 2042 annuebisant.
789 1981 825 2042 51
842 1981 875 2042 et

74 2077 250 2139 dimidium
269 2078 342 2138 auri
355 2078 450 2139 solid.
467 2078 556 2140 Idem
577 2079 611 2138 in
626 2078 753 2150 eodem,
770 2081 873 2142 Annae

74 2176 255 2252 religiosae,
270 2179 303 2237 et
323 2176 400 2237 aliis
415 2176 542 2238 duabus
564 2176 716 2254 personis
736 2177 874 2238 fundum

74 2274 226 2350 argenti,
243 2272 454 2344 verclanum,
471 2276 693 2351 Lugeranum,
709 2275 873 2338 Colliver-

74 2389 204 2446 corum,
225 2371 450 2434 Tolosanum:
471 2373 669 2450 praestantes
692 2373 776 2434 dnos
799 2373 875 2434 anri

75 2471 213 2532 solidos.
230 2471 270 2532 Et
288 2469 427 2532 fundum
441 2471 533 2543 Tuci,
550 2471 674 2543 Trasis,
693 2473 872 2544 Senanum,

74 2571 105 2630 et
115 2569 382 2641 Possessianum,
397 2569 593 2648 prestantes
608 2569 725 2632 bisant¹
746 2570 874 2632 scauri

73 2667 171 2730 solid.
201 2682 407 2746 excerpere
434 2683 552 2730 massae
581 2667 786 2742 sabinensis,
817 2661 875 2730 'via

73 2764 268 2838 Tiburtina,
291 2765 448 2827 milliario
471 2765 545 2843 plus
567 2766 677 2828 minus
691 2765 817 2828 decimo
833 2783 876 2828 ex

73 2879 216 2940 corpore
225 2863 695 2940 patrimoniiTiburtini.Idem
703 2864 738 2925 in
747 2864 873 2938 eodem,

73 2961 210 3022 Eraclia
224 2961 401 3039 praeposito
416 2962 573 3040 coquinae
588 2963 780 3034 Dominicae,
798 2963 877 3024 lun-

73 3060 155 3120 dum
171 3061 254 3122 Casa
269 3060 345 3132 siri,
363 3075 558 3138 excerpere
578 3075 695 3122 massae
712 3061 874 3134 Porculis,

74 3157 272 3234 patrimonii
287 3158 457 3220 Lauicani.
476 3157 616 3221 Praestat
627 3159 701 3220 auri
721 3159 874 3221 solidum.

74 3256 169 3318 Idem
192 3255 228 3316 in
253 3255 378 3328 eodem,
406 3256 578 3318 Gemmnlo
604 3257 701 3318 militi
725 3256 874 3329 fundum,

73 3353 252 3426 Manricis,
287 3353 426 3415 fundum
455 3355 617 3424 Maurini,
641 3354 778 3416 fundum
805 3355 878 3416 Vil-

72 3451 283 3524 Ianouaria
306 3453 524 3522 Praenestina,
541 3452 703 3534 milliario,
720 3453 794 3529 plus
814 3453 879 3515 mi-

73 3565 137 3612 nus
166 3567 269 3624 nono,
287 3567 331 3613 ex
354 3567 492 3628 corpore
513 3567 632 3613 massae
647 3552 875 3623 Varvarianae,

73 3649 272 3726 patrimonii
300 3650 471 3712 Lauicani.
501 3649 665 3712 Praestent
692 3649 878 3712 1111111152

73 3749 148 3809 auri
174 3746 272 3808 solid.
289 3748 378 3808 Idem
401 3748 435 3808 in
453 3747 579 3820 eodem,
596 3750 689 3809 Carae
711 3748 877 3824 religiosae

74 3845 256 3917 coloniam,
273 3861 346 3922 qnae
362 3845 484 3908 dicitur
507 3847 646 3915 Potlnis,
667 3847 723 3907 via
745 3845 875 3918 Latina,

73 3943 238 4004 milliario
262 3942 303 4004 ab
326 3943 412 4006 Urbe
436 3943 510 4021 plus
537 3943 646 4005 minus
671 3943 875 4016 duodecimo,

73 4044 149 4118 post.
176 4040 325 4102 absidam
348 4042 503 4103 Basilicas
526 4041 639 4104 Sancti
663 4041 764 4115 Petri,
788 4043 877 4104 intra

74 4155 226 4201 massam
252 4139 401 4201 Marulis.
416 4140 557 4202 Praestat
583 4139 705 4202 bisant.
731 4141 771 4200 50
803 4141 877 4202 auri

73 4237 177 4298 solid.
194 4236 283 4298 Idem
296 4237 331 4297 in
347 4236 473 4308 eodem,
491 4237 670 4300 Eustachio
685 4236 877 4314 presbytero

72 4335 319 4396 monasterium
343 4335 455 4397 Sancti
468 4336 615 4407 Martini,
630 4335 729 4397 situm
747 4337 781 4396 in
797 4338 879 4397 Sur-

74 4437 189 4501 rento,
204 4449 278 4494 cum
300 4433 452 4494 omnibus
475 4434 506 4495 ei
519 4433 771 4511 pertinentibus.
788 4435 878 4495 Idem

75 4531 108 4592 in
125 4530 258 4603 eodem,
274 4530 420 4593 iohanni
435 4532 565 4593 consuli
577 4532 711 4604 fossam,
726 4548 800 4608 quae
822 4532 877 4594 di-

74 4630 170 4692 citur
190 4628 405 4701 valanicum,
421 4630 520 4706 Juxta
543 4645 695 4706 campum
719 4630 876 4703 Veneris,

74 4726 378 4788 milliarIoaburbe
389 4729 494 4789 Roma
504 4727 876 4804 plusmlnusvigesino,

73 4842 117 4886 ex
145 4839 288 4900 corpore
310 4839 429 4886 massae
454 4825 659 4899 Fonteianae,
688 4826 878 4903 patrimonii

73 4923 207 5000 Appiae.
222 4923 363 4984 Praestat
382 4922 503 4984 bisant.
519 4925 647 4985 scauri
663 4925 758 4986 solid.
775 4924 876 4998 Idem,

72 5020 736 5085 monasteriumSanctiSilueriiinmonte
744 5024 878 5085 Soracte

72 5120 109 5180 in
136 5119 336 5196 perpetuum
358 5118 496 5180 fundum
520 5121 723 5182 Caneianum
745 5137 787 5182 ex
804 5111 880 5184 cor*

70 5233 157 5294 pore
172 5232 292 5278 massae
307 5216 516 5278 Castellianae
531 5217 723 5294 patrimonii
737 5219 876 5292 Tusciae,

73 5315 137 5375 snb
156 5313 322 5390 pensione
334 5313 454 5376 bisant.
482 5316 558 5387 LQ.
575 5313 770 5393 siliquarum
791 5318 876 5378 auri.

71 5415 171 5474 Idem
203 5411 237 5472 in
265 5412 396 5484 eodem,
420 5414 518 5474 Petro
545 5415 719 5489 magnifico
745 5414 878 5504 tribuno

71 5508 245 5571 coloniam
266 5509 406 5586 positam
428 5510 463 5571 in
482 5527 590 5572 massa
606 5512 717 5582 Pauli,
734 5528 777 5575 ex
800 5529 878 5576 cor-

70 5625 158 5686 pore
181 5607 373 5685 patrimonii
394 5608 519 5687 Appiae.
534 5611 675 5672 Praestat
698 5627 808 5674 annue
827 5611 880 5673 bi-

72 5707 166 5766 sant.
186 5707 211 5768 1.
231 5707 267 5777 Q.
288 5706 360 5767 auri
386 5706 481 5768 solid.
500 5706 588 5768 Idem
612 5708 646 5768 in
667 5708 792 5781 eodem,
814 5713 880 5772 Ba-

725 345 848 408 mann
869 333 1080 410 onnsuu'u.

1670 360 1728 420 478

926 509 1003 573 silio
1018 529 1073 578 θ...
1089 511 1252 576 coloniam
1264 513 1386 587 nluini,
1399 529 1441 576 ex
1452 507 1590 594 corpore
1607 535 1727 582 massae

926 609 1030 681 Ocris,
1043 609 1241 686 patrimonio
1256 613 1370 690 Appia
1392 613 1426 674 ln
1449 615 1565 676 Aritia.
1583 618 1727 680 Praestat

927 721 1036 768 annue
1057 705 1177 770 bisant.
1194 711 1230 770 51
1253 710 1327 772 auri
1351 710 1447 774 solid.
1471 713 1561 774 Idem
1581 715 1724 790 Georgio

926 804 1118 882 presbitero
1136 806 1273 868 fundum
1287 809 1448 886 CrIspinis
1462 812 1495 873 et
1507 813 1723 886 Ammonetis,

926 901 981 964 vin
1005 903 1183 976 Lauicana,
1200 905 1357 967 milliari0
1379 907 1453 984 plus
1479 909 1589 970 minus
1619 912 1657 971 13
1683 926 1726 972 ex

927 1016 1065 1077 corpore
1080 1017 1198 1064 massae
1212 1003 1323 1076 FlstIs,
1339 1005 1537 1081 patrimonio
1547 1009 1724 1070 Lauicano.

928 1100 1070 1161 Praestat
1084 1115 1193 1161 annue
1208 1101 1328 1163 bisant.
1340 1104 1380 1163 50
1393 1104 1467 1164 auri
1480 1105 1575 1166 solid.
1586 1106 1677 1166 Idem
1692 1107 1727 1167 in

928 1197 1054 1270 eodem,
1073 1199 1244 1260 Gemmulo
1260 1199 1399 1261 dlacono
1412 1200 1549 1262 fundum
1565 1204 1728 1265 Dometio-

927 1311 1021 1368 rum,
1046 1295 1100 1357 via
1120 1297 1319 1370 ardeatina,
1344 1298 1502 1360 milliario
1522 1300 1595 1376 plus
1617 1302 1727 1362 minus

928 1407 1016 1454 nono
1036 1392 1078 1453 ab
1100 1393 1181 1454 urbe
1203 1397 1318 1467 Roma,
1332 1411 1374 1455 ex
1394 1411 1532 1472 corpore
1545 1397 1727 1458 suburbani

929 1489 1121 1566 patrimonii
1144 1492 1269 1568 Appiae.
1296 1493 1437 1554 Praestat
1465 1509 1576 1555 annue
1604 1493 1725 1556 bisant.

929 1587 1003 1648 auri
1018 1588 1166 1666 siliquas.
1179 1589 1268 1650 Idem
1279 1590 1314 1650 in
1323 1591 1449 1663 eodem,
1464 1591 1589 1667 Sergiae
1602 1593 1728 1654 bones-

928 1685 971 1746 tae
983 1684 1124 1759 iaminae,
1140 1687 1278 1748 fundum
1295 1688 1522 1761 Severianum,
1538 1705 1580 1750 ex
1590 1705 1728 1767 corpore

929 1799 1047 1846 massae
1085 1784 1281 1854 Juniorum,
1320 1787 1513 1863 patrimonii
1554 1788 1725 1850 Lauicani.

929 1882 1071 1944 Praestat
1082 1898 1193 1944 annue
1207 1883 1328 1946 bisant.
1343 1885 1379 1944 51
1394 1885 1468 1944 auri
1481 1885 1577 1946 solid.

968 1980 1059 2042 Idem
1088 1980 1122 2042 in
1145 1981 1264 2044 'eodem
1299 1981 1461 2044 diaconiae
1494 1984 1606 2044 Sancti
1639 1985 1727 2044 Eus-

929 2078 1031 2140 tachii
1056 2079 1090 2139 in
1117 2081 1311 2157 perpetuum
1336 2079 1474 2142 fundum
1506 2081 1618 2154 Gliuis,
1653 2081 1727 2142 sun·

929 2176 1007 2237 dum
1044 2177 1287 2256 Querquetnm,
1325 2179 1357 2242 et
1394 2178 1653 2251 Placonianum‚
1686 2195 1729 2240 ex

929 2291 1068 2354 corpore
1090 2291 1209 2338 massae
1229 2277 1405 2346 Calcianae,
1419 2277 1613 2355 patrimonii
1629 2277 1731 2338 Lavi·

930 2374 1016 2434 cani.
1045 2374 1189 2436 Praestat
1208 2389 1319 2436 annue
1342 2374 1454 2438 bisant
1475 2376 1516 2436 52
1534 2375 1610 2436 auri
1629 2374 1726 2437 solid.

929 2474 1018 2535 Idem
1039 2473 1074 2534 in
1098 2474 1226 2543 eodem,
1253 2473 1430 2536 Anastasio
1452 2475 1565 2538 comiti
1591 2474 1729 2536 fundum

930 2575 976 2634 La
1017 2575 1145 2644 Verna,
1178 2588 1221 2633 ex
1251 2587 1389 2648 corpore
1421 2589 1540 2634 massae
1578 2575 1730 2636 Lauren-

929 2670 1051 2742 tianae,
1093 2670 1306 2747 praestantem
1347 2670 1467 2732 bisant.
1504 2673 1544 2732 LI
1578 2675 1616 2744 Q.
1654 2672 1730 2732 auri

930 2767 1026 2830 solid.
1049 2770 1089 2829 Et
1109 2767 1247 2828 fundum
1266 2768 1501 2840 Turanianum,
1522 2783 1565 2829 ex
1586 2784 1725 2846 corpore

931 2881 1049 2927 massae
1062 2865 1272 2938 CItrasensis,
1282 2865 1421 2943 utraque
1434 2866 1729 2944 patrimoniitlaie-

930 2963 1011 3026 tani.
1033 2964 1198 3025 Praestant
1219 2979 1330 3024 annue
1353 2964 1473 3026 bisant.
1496 2965 1605 3026 5auri
1630 2964 1728 3027 solid.

931 3061 1021 3123 Idem
1038 3061 1073 3122 in
1094 3061 1220 3135 eodem,
1239 3062 1412 3124 Theodoro
1433 3061 1562 3124 consuli
1585 3063 1620 3123 in
1638 3079 1726 3124 anno

931 3160 1094 3236 vigesimo
1108 3175 1196 3222 nono
1212 3160 1357 3221 insulam
1370 3161 1496 3237 Capris,
1505 3177 1580 3222 cum
1594 3177 1730 3224 monas-

931 3256 1015 3319 terio
1026 3257 1139 3319 Sancti
1153 3257 1323 3333 Stephani,
1334 3273 1408 3318 cum
1417 3257 1569 3318 omnibus
1583 3257 1646 3318 sibi
1659 3273 1732 3334 per·

932 3353 1124 3416 tinentibus.
1153 3355 1296 3417 Praestat
1326 3371 1436 3416 annue
1470 3355 1506 3416 in
1537 3370 1618 3416 auro
1652 3355 1731 3432 qui-

933 3451 1006 3513 dem
1026 3451 1587 3528 1081111111111111011111111
1601 3452 1727 3525 eodem,

932 3550 1104 3612 Theodoro
1115 3550 1244 3612 consuli
1255 3549 1377 3622 casale,
1390 3549 1475 3627 quod
1492 3550 1730 3612 diciturcastro

932 3649 1070 3720 Malore,
1081 3648 1168 3726 quod
1181 3649 1308 3724 prestat
1331 3663 1441 3709 annue
1462 3646 1583 3711 bisant.
1600 3651 1640 3711 52
1655 3649 1730 3710 auri

933 3745 1047 3821 solid.;
1074 3747 1107 3808 et
1121 3745 1243 3817 casale,
1260 3745 1345 3824 qnod
1362 3745 1484 3808 dicitur
1498 3747 1527 3806 N
1530 3745 1728 3818 imsise,sita

933 3845 1071 3923 utraque
1097 3844 1185 3906 inira
1208 3844 1353 3906 insulam
1385 3845 1511 3921 Capris
1539 3843 1731 3920 patrimonii

933 3943 1157 4020 Neapolitani.
1175 3944 1318 4004 Praestat
1332 3959 1442 4004 annue
1456 3945 1520 4014 QQ.
1544 3943 1618 4003 auri
1633 3943 1729 4004 solid.

932 4041 1022 4102 idem
1043 4041 1078 4101 in
1099 4039 1226 4109 eodem,
1251 4041 1411 4102 matronae
1432 4040 1599 4116 religiosae
1615 4040 1731 4102 diaco-

933 4139 1044 4212 nissae,
1068 4140 1205 4215 ejusque
1228 4138 1308 4198 tiliis
1330 4153 1370 4198 ac
1392 4136 1579 4214 nepotibus,
1607 4138 1729 4209 lacum,

933 4237 990 4312 qui
1014 4236 1135 4298 dicitur
1157 4236 1302 4308 lcaonia,
1320 4251 1363 4296 ex
1384 4251 1522 4313 corpore
1539 4235 1731 4312 patrimonii

933 4334 1122 4410 Campaniae
1161 4332 1330 4410 Neapolis.
1366 4333 1507 4394 Praestat
1542 4347 1653 4394 annue
1656 4377 1729 4394 ......

933 4432 1007 4493 auri
1022 4431 1117 4493 solid.
1136 4431 1225 4493 Idem
1241 4432 1277 4492 in
1296 4430 1422 4502 eodem,
1442 4430 1621 4493 Eustacbio
1637 4445 1733 4507 pres-

933 4530 1047 4607 bitero
1063 4529 1200 4590 fundum
1220 4521 1411 4602 Lauretum,
1433 4529 1466 4590 et
1484 4528 1620 4590 fundum
1641 4530 1733 4590 Mau·

932 4644 1046 4690 rorum
1064 4628 1159 4690 extra
1177 4629 1305 4705 portam
1331 4627 1444 4690 Sancti
1466 4626 1648 4699 Pancratii‚
1676 4623 1733 4687 viat

932 4723 1080 4798 Aurelia,
1095 4742 1138 4786 ex
1152 4741 1290 4802 corpore
1301 4724 1394 4785 Iundi
1411 4723 1611 4797 suburbani,
1629 4724 1729 4802 patri·

934 4824 1037 4885 monii
1056 4824 1195 4884 Tusciae.
1214 4823 1356 4884 Praestat
1370 4838 1478 4883 annue
1502 4823 1731 4894 101111111-

933 4922 991 4982 lid.
1008 4920 1098 4982 Idem
1112 4921 1147 4981 in
1160 4921 1287 4994 eodem,
1303 4920 1466 4983 diaconiae
1487 4922 1600 4982 Sancti
1616 4922 1732 4982 Eusta-

934 5019 1001 5081 chii
1023 5019 1058 5080 in
1080 5020 1287 5096 perpetuum,
1320 5019 1459 5080 fundum
1488 5019 1730 5094 cervinariola,

934 5117 1070 5178 landum
1100 5116 1304 5186 Cardariola,
1319 5118 1517 5194 praestantes
1545 5116 1666 5178 bisant.
1693 5119 1733 5178 50

934 5216 1007 5276 auri
1031 5215 1147 5291 solid.;
1164 5216 1300 5278 fundum
1322 5214 1578 5292 Pompilianum,
1595 5214 1732 5276 fundum

934 5317 1116 5390 Paganum,
1142 5313 1279 5376 fundum
1301 5313 1573 5390 Lamponianum,
1595 5313 1731 5376 fundum

935 5411 1104 5488 Signioba,
1141 5412 1277 5474 landum
1309 5411 1563 5489 PompeIanum,
1594 5411 1731 5472 lundam

934 5511 1130 5580 (larianum,
1147 5509 1285 5572 fundum
1301 5510 1494 5588 Caplanum,
1511 5509 1731 5570 1111111111-

933 5624 1063 5682 ranum,
1080 5608 1220 5670 fundum
1238 5608 1475 5686 Calecijanum,
1494 5606 1630 5668 fundum
1645 5607 1732 5668 Con·
1815 5596 1826 5606 “

935 5707 1149 5779 stantianum,
1166 5706 1303 5770 fundum
1319 5705 1524 5776 Camareilis,
1542 5717 1730 5766 cumcasa-
