3962 6294
295 393 351 454 311

296 555 406 620 dinem
417 553 450 618 et
459 551 860 632 diligentiam,quaecirca
871 556 1091 618 corectionem

294 653 326 715 et
348 653 617 715 reformationem
639 651 777 724 ordinis,
802 667 841 713 ac
867 653 1091 715 visitationem

293 751 517 812 coenobiorum
540 749 768 828 impendendae
788 749 912 812 luerint
932 752 1092 828 neglexe-

294 849 363 910 rint
381 848 550 910 adhibere.
569 846 800 926 Porr0,1quum
821 849 1022 923 visitatores,
1037 867 1091 911 66-

292 945 433 1006 cundum
445 946 601 1007 statutum
612 946 779 1021 generalis
790 947 1090 1020 conciliiordinati

289 1059 308 1103 a
332 1041 481 1118 generali
509 1043 663 1105 abbatum
689 1043 834 1120 capitulo
864 1046 1090 1121 processerint

289 1141 330 1201 ad
353 1141 555 1203 visitationis
582 1131 1022 1218 officium'exsequendum,
1049 1144 1089 1204 de

290 1238 378 1300 statu
399 1238 678 1300 monasteriorum
694 1240 726 1300 61
741 1238 963 1302 observantiis
984 1257 1088 1316 regu-

290 1335 416 1397 laribus
434 1337 611 1412 diligenter
629 1337 812 1413 inquirant,
829 1338 942 1399 ettam
964 1339 999 1399 in
1014 1340 1087 1415 spi-

288 1432 476 1506 ritualibus,
494 1450 592 1511 quam
614 1434 650 1494 in
661 1433 903 1512 temporalibus
920 1437 1090 1512 corrigant

290 1530 322 1593 et
334 1531 525 1604 reforment,
545 1547 619 1610 quae
638 1532 783 1594 viderint
803 1533 1000 1610 corrigenda
1018 1555 1025 1594 :
1041 1535 1088 1596 ita

289 1628 400 1690 tamen
414 1630 500 1706 quod
513 1628 694 1691 monachos
708 1630 936 1708 delinquentes
951 1648 1011 1709 per
1024 1632 1087 1693 ab·

287 1725 397 1788 batem
420 1727 485 1789 loci
508 1727 631 1803 corrigi
652 1727 789 1798 saciant,
814 1729 929 1806 eisque
957 1729 1088 1806 injungi

288 1825 518 1901 poenitentiam
538 1825 719 1886 salutarem
736 1827 834 1903 juxta
858 1829 894 1888 B.
917 1827 1088 1889 Benedicti

286 1922 448 1997 regulam,
467 1922 499 1984 et
511 1924 702 2000 6666161166
716 1925 880 1997 166111616,
892 1940 959 1986 666
974 1941 1089 1987 secun-

287 2018 364 2080 dum
390 2005 540 2082 normam
570 2038 682 2099 pravae
711 2023 980 2094 consuetudinis,
1013 2040 1087 2100 quae

289 2117 385 2192 quasi
405 2134 464 2195 pro
486 2119 559 2196 lege
578 2121 614 2180 in
633 2119 829 2196 quibusdam
845 2120 997 2182 ecclesiis
1012 2121 1088 2182 ino-

289 2212 379 2277 levit.
397 2217 464 2292 Ipsi
476 2217 576 2278 etiam
594 2217 785 2280 visitatores
798 2219 990 2291 monachos,
1005 2235 1087 2296 quos

288 2312 499 2374 contumaces
527 2315 716 2378 invenerint
748 2316 780 2377 et
810 2315 966 2388 rebelles,
989 2317 1087 2394 juxta

286 2411 420 2471 modum
433 2411 538 2489 culpae
552 2413 624 2474 1166
644 2413 758 2474 666116
772 2412 922 2489 regulari
944 2431 1086 2475 censura

287 2507 479 2584 percellant,
495 2509 618 2587 absque
631 2527 848 2588 personarum
862 2511 1001 2585 delectu,
1019 2529 1086 2574 non

287 2605 453 2682 parcendo
472 2607 662 2680 rebellibus
678 2609 718 2669 ob
738 2625 832 2670 suam
854 2611 1083 2686 pertinaciam,

289 2703 343 2764 vel
363 2703 543 2781 potentiam
563 2706 755 2780 amicorum,
774 2707 853 2784 quin
875 2723 970 2768 ovem
991 2725 1084 2770 mor-

287 2800 399 2863 bidam
423 2803 559 2880 ejiciant
581 2803 622 2864 ab
649 2804 745 2877 ovili,
771 2821 812 2865 ne
839 2805 966 2867 inliciat
985 2823 1084 2868 sanas

287 2915 376 2960 oves.
393 2900 428 2960 Si
442 2917 521 2962 1616
544 2901 678 2962 abbates
700 2903 736 2962 in
758 2903 964 2978 corrigendis
986 2905 1084 2980 juxta

287 2997 498 3058 visitatorum
509 2999 1083 3076 mandatumetregulariainstitutn

287 3093 418 3170 seipsis,
436 3095 546 3156 suisve
559 3097 730 3157 monacbis
743 3097 870 3160 inventi
884 3097 1008 3160 luerint
1022 3116 1084 3160 ne-

284 3191 456 3268 gligentes,
471 3193 726 3270 proclamentur,
739 3196 974 3272 corripiantur,
988 3197 1021 3258 et
1035 3198 1081 3258 ita

285 3288 467 3364 puniantur
481 3288 611 3365 publice
621 3288 657 3350 in
668 3290 811 3369 capitulo
822 3291 982 3366 generali,
995 3292 1081 3369 quod

287 3401 384 3462 poena
400 3385 546 3463 ipsorum
562 3387 605 3449 sit
619 3387 695 3448 aliis
710 3389 960 3466 inexemplum.

325 3485 428 3545 Porro
455 3484 483 3546 si
511 3483 613 3546 abbas
643 3487 764 3562 aliquis
796 3503 861 3546 non
893 3488 1078 3564 exemptus,

284 3580 385 3642 tuerit
407 3597 427 3642 a
448 3582 674 3644 visitatoribus
703 3583 801 3643 nimis
829 3584 1000 3660 negligens
1021 3584 1079 3645 in-

283 3679 413 3746 ventus,
430 3679 462 3740 et
476 3680 645 3752 remissus,
669 3680 703 3740 id
721 3681 789 3742 loci
811 3681 999 3744 dioecesano
1021 3683 1082 3743 de-

282 3774 444 3846 nuntient,
469 3776 541 3837 sine
563 3792 666 3849 mora,
689 3777 722 3838 et
745 3779 913 3855 perillum
933 3779 1029 3841 detur
1048 3779 1081 3840 ei

285 3872 392 3934 tidelis
411 3875 442 3934 et
461 3873 618 3951 providus
643 3875 815 3954 coadjutor
839 3893 943 3954 usque
964 3877 1005 3937 ad
1023 3894 1081 3938 ca-

284 3970 427 4048 pitulum
451 3972 617 4048 generale.
646 3974 737 4044 Quod
762 3975 790 4034 si
812 3974 1011 4052 dilapidator
1027 3975 1081 4035 in-

283 4069 401 4130 ventus
425 4068 535 4142 luerit,
561 4071 614 4132 vel
638 4070 722 4132 alias
743 4072 861 4134 merito
877 4073 1079 4134 amovendus

283 4183 343 4244 per
361 4167 597 4242 dioecesanum,
612 4170 785 4246 postquam
802 4169 864 4232 hoc
880 4171 943 4232 sibi
956 4187 975 4232 a
990 4172 1076 4232 visi-

282 4265 444 4326 tatoribus
484 4266 713 4328 denuntiatum
741 4268 855 4338 luerit,
885 4272 1079 4331 amoveatur

282 4363 406 4440 absque
425 4364 626 4441 judiciorum
648 4366 786 4441 strepitu
802 4383 820 4426 a
836 4368 998 4442 regimine
1020 4367 1081 4428 ab·

285 4460 395 4532 batiae,
418 4477 456 4522 ac
478 4461 679 4523 monasterio
704 4463 917 4539 provideatur
945 4464 1078 4525 interim

282 4557 531 4620 administrator
565 4559 719 4631 idoneus,
753 4561 810 4644 qui
843 4562 1077 4637 temporalium

283 4671 396 4714 661616
414 4657 517 4729 gerat,
540 4657 643 4718 donec
667 4657 731 4734 ipsi
755 4658 955 4719 monasterio
978 4658 1079 4720 suerit

279 4749 319 4810 de
336 4751 453 4813 abbate
469 4753 648 4828 provisum.
666 4754 757 4824 Quod
773 4755 801 4814 si
816 4755 930 4816 forsan
945 4756 1079 4833 episco-

279 4863 341 4924 pus
356 4847 427 4908 ltaec
443 4849 622 4926 adimplere
639 4851 792 4922 noluerit,
810 4854 862 4912 161
879 4853 1074 4928 neglexerit,

278 4943 477 5016 visitatores
495 4947 547 5006 vel
567 4947 783 5023 praesidentes
804 4948 838 5008 in
859 4950 1003 5025 capitulo
1017 4965 1078 5026 ge-

279 5041 386 5104 nerali
411 5041 574 5103 delectum
601 5043 747 5120 episcopi
772 5046 970 5120 Apostolicae
999 5047 1076 5107 Sodi

279 5155 345 5200 non
369 5137 524 5200 differant
545 5140 699 5200 intimare
724 5162 730 5200 :
754 5139 825 5201 11166
850 5143 965 5203 eadem
987 5145 1077 5206 61166

279 5239 448 5313 exemptos
470 5235 604 5298 abbates
621 5235 693 5298 fieri
709 5237 920 5314 paraecipimus
942 5256 1001 5316 per
1018 5241 1074 5302 vi-

279 5468 392 5536 bantur,
410 5465 781 5522 616166166666111166616
798 5468 824 5523 in
841 5469 973 5539 capitulo,
991 5477 1074 5528 6116-

280 5541 364 5623 liquis
396 5538 496 5593 ciliciis
526 5535 683 5602 habebunt,
713 5537 787 5609 quod
824 5537 993 5597 [1666116166
1022 5544 1075 5602 xli

279 5608 599 5674 6116161661116111,6161
621 5623 654 5664 66
668 5615 697 5663 61
717 5623 767 5664 666
788 5611 962 5666 166116616116
985 5611 1073 5668 devo·

280 5682 382 5749 verint,
408 5689 437 5737 111
459 5679 517 5752 jam
543 5679 661 5752 exposui
683 5678 718 5735 ed
738 5694 801 5752 cop.
828 5681 1072 5752 61661116111111,

280 5767 375 5828 snpra,
392 5754 424 5810 116
439 5752 579 5809 11611111.

909 393 1087 458 aenean
1109 395 1155 457 m
1176 394 1324 457 61661.
1868 405 1915 468 312
1956 493 1957 496 Ν

1147 556 1312 628 611616166,
1329 555 1381 616 vel
1395 555 1611 633 praesidentes
1626 555 1662 618 16
1675 556 1812 634 capitulo
1831 577 1915 636 geno·

1145 655 1220 726 1611,
1233 653 1439 730 depositione
1450 655 1577 716 tantum
1591 655 1741 731 ipsorum
1752 656 1916 736 861111666-

1146 753 1253 814 1611666
1275 753 1456 824 reservata,
1476 753 1523 813 ita
1547 753 1659 814 tamen
1683 753 1719 812 ut
1742 753 1850 816 abbate
1870 761 1916 834 qui

1145 849 1915 927 amovendusvidebiturinterimpervisitatores,

1144 949 1196 1009 vel
1211 949 1247 1009 in
1262 948 1406 1024 capitulo
1430 948 1646 1025 praesidentes
1666 948 1707 1009 ab
1727 949 1918 1012 administra-

1144 1047 1234 1108 tione
1256 1063 1427 1123 suspenso,
1444 1046 1692 1107 administrator
1710 1046 1843 1108 idoneus
1860 1066 1918 1111 mo-

1144 1145 1291 1206 nasterio
1302 1145 1488 1221 deputetur,
1501 1145 1637 1205 Illorum
1647 1147 1756 1206 autem
1769 1162 1916 1219 excessus,

1144 1245 1177 1304 61
1191 1243 1258 1304 6116
1273 1259 1346 1319 quae
1359 1243 1431 1304 visa
1444 1241 1568 1304 luerint
1586 1242 1769 1304 intimanda
1782 1245 1917 1321 capitulo

1144 1341 1359 1418 praesidentes
1392 1340 1487 1402 nobis
1518 1340 1711 1402 denuntient
1739 1357 1797 1419 per
1823 1341 1919 1403 1116166

1144 1439 1277 1500 6661166
1301 1439 1335 1500 61
1354 1439 1543 1515 prudentes,
1568 1438 1685 1515 quibus
1709 1439 1750 1500 de
1774 1442 1920 1500 conrmuni

1144 1536 1387 1598 contributione
1404 1536 1570 1608 abbatum,
1583 1540 1680 1614 juxta
1696 1537 1865 1614 cujuslibet
1879 1538 1922 1599 la-

1144 1636 1299 1698 cultatem
1312 1635 1515 1696 sufficienter
1529 1637 1761 1697 ministrentur
1772 1653 1919 1713 expensae.

1145 1732 1326 1811 sequentes
1337 1734 1446 1793 autem
1455 1733 1643 1795 visitatores
1652 1733 1923 1811 perquirantprio-

1143 1848 1217 1892 rum
1254 1831 1463 1892 visitatorum
1497 1832 1637 1908 vestigia
1679 1829 1865 1908 diligenter,
1896 1832 1923 1892 61

1143 1945 1258 1991 eorum
1273 1929 1493 2006 negligentias
1508 1931 1541 1991 et
1555 1945 1711 1992 excessus
1726 1930 1924 1991 1616166166-

1143 2027 1256 2104 quenti
1280 2027 1423 2104 capitulo
1447 2027 1607 2103 generali,
1631 2029 1668 2091 ut
1689 2029 1789 2106 justa
1807 2028 1923 2104 culpam

1142 2119 1272 2202 publice
1284 2124 1426 2186 debitam
1439 2141 1570 2203 poenam
1582 2127 1722 2203 portent.
1736 2126 1826 2188 Idem
1838 2127 1925 2187 61166

1142 2223 1925 2300 deabbatibuspraesidentibus'generalicapitulo

1142 2321 1353 2398 praecipimus
1382 2320 1563 2383 observari.
1592 2322 1809 2399 Praecipimus
1837 2322 1925 2384 etiam

1142 2419 1236 2480 utin
1262 2419 1353 2480 nullo
1378 2419 1579 2481 monasterio
1603 2420 1645 2481 ad
1673 2419 1866 2497 praebendas
1893 2419 1926 2478 de

1142 2519 1251 2578 cetero
1275 2517 1439 2594 recipiant
1466 2517 1616 2591 abbates,
1635 2519 1667 2579 61
1693 2517 1886 2585 1666661166,
1901 2517 1927 2576 61

1142 2613 1280 2677 61611666
1300 2616 1479 2688 666616166,
1504 2631 1566 2678 666
1587 2616 1622 2676 111
1645 2617 1701 2693 qui
1718 2619 1791 2694 jum
1812 2615 1927 2692 recepti

1141 2715 1217 2776 sunt
1238 2714 1357 2787 locum,
1374 2714 1427 2776 vel
1449 2730 1563 2776 vocem
1582 2714 1617 2775 in
1633 2713 1791 2792 capitale,
1809 2713 1927 2776 dormi-

1140 2811 1236 2884 tori0,
1252 2812 1304 2872 vel
1323 2811 1510 2880 refectorio,
1530 2829 1589 2874 seu
1612 2812 1757 2874 clanstro
1773 2812 1837 2873 sibi
1851 2827 1928 2872 166-

1140 2909 1929 2982 dicarecontendant,seumonaclrorumcoetibus

1138 3007 1326 3084 importune
1351 3024 1387 3068 66
1410 3008 1599 3069 immiscere
1624 3008 1832 3085 praesumant
1852 3031 1858 3067 :
1879 3006 1928 3067 sed

1137 3104 1307 3166 beneficiis
1334 3105 1399 3166 sibi
1424 3107 1591 3168 concessis
1618 3106 1765 3167 contenti
1792 3121 1929 3168 666161-

1138 3204 1253 3263 666161
1267 3203 1417 3276 11666616,
1434 3205 1596 3280 oportuna
1618 3203 1778 3282 obsequia
1803 3207 1838 3265 in
1862 3220 1930 3264 mo-

1137 3301 1293 3362 nasteriis
1328 3301 1470 3362 fideliter
1502 3302 1749 3379 impendentes,
1788 3302 1932 3379 nihilque

1137 3398 1224 3460 ultra
1242 3398 1277 3459 in
1293 3399 1522 3476 spiritualibus
1533 3401 1589 3463 aut
1604 3399 1845 3478 temporalibus
1865 3400 1933 3460 exi-

1135 3497 1216 3573 gant
1229 3497 1265 3558 in
1292 3497 1375 3574 ipsis
1391 3498 1615 3572 monasteriis,
1629 3500 1682 3561 vel
1703 3499 1877 3574 usurpent.
1902 3497 1933 3558 Si

1136 3595 1193 3672 qui
1205 3611 1284 3657 vero
1299 3596 1415 3656 talium
1435 3613 1454 3657 a
1477 3597 1705 3660 visitatoribus
1720 3599 1852 3658 inventi
1865 3597 1934 3658 lue-

1135 3691 1204 3752 rint
1237 3692 1419 3765 criminosi,
1445 3709 1505 3772 per
1540 3693 1763 3756 dioecesanum
1798 3697 1835 3756 in
1871 3709 1933 3755 non

1135 3791 1308 3866 exemptis
1321 3791 1354 3852 et
1363 3807 1423 3868 per
1436 3792 1637 3866 visitatores,
1650 3793 1702 3855 vel
1717 3794 1934 3870 praesidentes

1134 3886 1325 3962 ingenerali
1335 3889 1479 3966 capitulo
1492 3891 1526 3950 in
1538 3891 1699 3968 exemptis
1710 3891 1933 3961 monasteriis,

1134 3983 1305 4046 beneficiis
1316 3987 1488 4062 priventur
1499 3988 1634 4049 eisdem.
1649 3991 1727 4050 llaec
1738 3990 1853 4052 autem
1866 4005 1936 4050 om-

1135 4083 1191 4144 nia
1208 4085 1240 4144 in
1256 4086 1467 4146 monasteriis
1487 4102 1560 4162 quae
1577 4103 1642 4147 non
1657 4087 1780 4148 babent
1796 4087 1936 4148 abbates

1135 4183 1297 4258 proprios,
1309 4183 1365 4243 sed
1377 4183 1517 4260 priores,
1527 4199 1663 4245 necnon
1673 4185 1707 4244 in
1719 4184 1936 4246 monasteriis

1134 4279 1343 4352 monialium,
1366 4281 1473 4358 quoad
1502 4282 1661 4343 articulos
1694 4282 1878 4344 abbatissis
1906 4281 1938 4342 61

1135 4378 1333 4438 monialibus
1362 4381 1597 4454 congruentes,
1627 4380 1845 4458 praecipimus
1879 4381 1938 4442 611-

1136 4491 1274 4538 6611611.

1366 4627 1581 4714 TITULUS
1605 4629 1694 4715 XXI

1245 4793 1288 4838 66
1315 4795 1474 4842 61166616
1499 4781 1817 4861 1161116116666(1).

1183 4885 1302 4944 ,1111611
1316 4882 1375 4964 (6),
1391 4887 1621 4948 61661166111111
1641 4891 1889 4962 matriniacensi.

1444 5021 1580 5081 CAPUT
1595 5023 1620 5081 Ι.

1172 5150 1297 5219 Quanto
1316 5149 1479 5212 sluccrius
1504 5153 1673 5230 diligimus
1687 5159 1941 5218 monasterium

1131 5247 1334 5320 vest1·unr,et
1352 5251 1470 5310 1661116
1486 5253 1830 5329 cupimus'religionis
1847 5273 1943 5332 aug-

1167 5475 1206 5546 (1)
1222 5477 1258 5534 Ce
1272 5477 1336 5532 titre
1350 5479 1492 5536 6611611.1
1510 5479 1544 5536 de
1565 5481 1590 5538 16
1609 5483 1777 5554 Covnpilotio
1788 5489 1899 5555 priano
1917 5499 1946 5546 ct

1130 5549 1216 5604 16311
1232 5548 1283 5604 des
1298 5547 1405 5604 116111.
1420 5550 1629 5618 dreporboues.

1166 5617 1550 5690 (6.)1111611116116116111.
1587 5627 1694 5681 Forsan
1722 5632 1947 5688 monasterinm

1129 5689 1327 5748 1616116161111
1349 5689 1418 5748 urbe
1441 5693 1556 5764 riquini,
1580 5694 1691 5766 11161116
1715 5697 1796 5770 regni
1814 5702 1944 5774 Neapo-
