4122 6308
310 295 371 366 835
776 297 952 359 HONORII
974 299 1020 358 iii
1042 299 1190 361 OPERA:
1207 325 1247 344 -·
1263 298 1496 362 SERMONES.
1909 307 1974 372 ,836

311 457 415 530 ratur,
445 455 504 518 sed
532 457 606 534 post
627 471 755 520 coenarn
782 457 909 520 nullum
933 459 1108 538 prandium
1165 459 1250 522 sicut
1264 459 1415 524 Christus
1428 460 1764 540 praecepitApostolis
1781 485 1789 525 :
1805 465 1871 539 lte,
1889 468 1974 540 bop-

310 553 424 616 restat.
1166 557 1269 619 ticote
1284 573 1402 620 opines
1420 561 1577 637 pentes...
1604 558 1735 640 (matth.
1755 578 1875 636 xxvin,
1900 563 1970 642 19).

351 651 504 716 Surrexit
518 652 677 714 Dominus
696 668 716 714 a
735 669 842 716 coena.
858 653 897 716 nt
912 651 990 732 quia
1006 655 1108 718 aeter·
1165 657 1204 716 nt
1218 655 1252 716 in
1267 657 1448 731 Evangelio
1466 678 1473 716 :
1498 660 1577 720 Nisi
1600 661 1677 732 quis
1698 661 1842 722 renatus
1855 664 1972 735 licerit

308 766 388 811 num
403 749 499 812 nobis
515 753 603 812 Deus
615 751 805 812 convivium
821 751 856 812 in
870 752 1019 813 extremo
1032 769 1111 830 pre-
1163 767 1211 813 cc
1224 768 1315 827 aqua
1329 755 1363 815 et
1380 757 1516 829 Spiritu
1529 757 1665 828 Selicio,
1688 772 1757 818 con
1771 759 1917 820 introbit
1931 763 1972 822 in

309 849 415 926 parat,
432 847 580 922 idest,in
598 847 804 922 buamundi,
831 849 963 928 quando
975 849 1110 912 satiabit
1163 866 1310 926 regnum
1338 856 1503 914 caetorum
1524 852 1634 931 (ioan.
1660 869 1715 926 111,
1747 854 1793 934 5).
1824 857 1970 920 Accedit

308 963 423 1008 ornnes
442 947 575 1008 sanctos
595 947 628 1008 et
646 948 770 1009 electos
798 947 972 1010 saturitate
996 948 1106 1026 plena,
1163 947 1299 1010 verbum
1314 950 1356 1010 ad
1371 950 1581 1024 elementum,
1598 952 1632 1013 et
1646 951 1682 1014 lit
1699 955 1966 1016 Sacramentum.

307 1047 387 1124 quia
409 1044 595 1107 videbimus
615 1062 690 1106 euin
707 1044 792 1107 facie
814 1045 856 1106 ad
878 1046 1008 1119 faciem,
1030 1047 1109 1109 tunc
1162 1045 1212 1108 Ad
1233 1063 1363 1109 coenam
1384 1063 1538 1125 magnam
1561 1049 1634 1118 Dei,
1662 1050 1758 1124 idest,
1782 1051 1824 1112 ad
1854 1052 1968 1130 ipsum

304 1145 433 1206 erimus
447 1143 566 1220 repleti
582 1142 671 1204 omni
687 1143 867 1206 reiectione
881 1144 958 1208 vitae
974 1147 1108 1208 eterne
1162 1146 1277 1217 Deum,
1288 1145 1344 1222 qui
1357 1161 1497 1222 magnus
1507 1148 1568 1220 est,
1580 1148 1614 1210 et
1625 1163 1746 1224 magna
1757 1149 1864 1212 virtus
1877 1153 1967 1228 ejus,

299 1243 441 1306 vetomni
454 1241 627 1306 saturitate
642 1243 786 1304 coelestis
799 1242 926 1319 gloriae.
1163 1241 1240 1319 quia
1264 1243 1330 1306 erit
1350 1243 1421 1321 lpse
1444 1244 1538 1307 vobis
1559 1245 1696 1308 reiectio
1711 1247 1787 1310 ritae
1811 1247 1967 1322 aeternae,

346 1345 396 1404 De
409 1355 502 1402 coena
522 1339 713 1404 reiectionis
737 1340 814 1404 vitae
837 1346 971 1404 aeternae
985 1340 1108 1417 legitur
1162 1343 1258 1418 quus
1273 1341 1403 1403 visione
1413 1342 1556 1420 pleniter
1570 1344 1692 1417 satiati,
1710 1361 1777 1406 non
1793 1346 1965 1420 esurieiiS,

305 1439 345 1502 in
367 1439 592 1517 Apocalypsi:
624 1439 751 1512 Venite,
781 1443 1041 1517 conprcpcmini
1064 1443 1108 1501 ad
1163 1437 1249 1500 sicut
1262 1438 1343 1501 dicit
1358 1439 1463 1502 isaias
1475 1439 1659 1518 propbeta:
1680 1446 1800 1518 Neque
1813 1448 1969 1518 amplius

306 1551 443 1600 erenum
456 1553 622 1613 mortam
639 1540 719 1610 Dei,·
739 1553 779 1599 ac
796 1537 825 1597 si
839 1537 965 1599 diceret
983 1536 1024 1598 ad
1039 1553 1109 1598 coe-
1161 1535 1297 1598 sitietis.

224 1699 228 1708 ,
309 1651 387 1698 nam
408 1635 507 1698 istam
527 1635 622 1697 multi
651 1636 824 1709 vocantur,
851 1634 908 1696 sed
930 1635 1028 1713 pauci
1049 1635 1107 1696 in·
1202 1632 1372 1707 Legimus,
1398 1634 1485 1712 quod
1511 1635 1636 1712 septem
1661 1634 1781 1698 debent
1805 1637 1969 1700 conside-

307 1734 408 1807 trant,
430 1733 508 1811 quia
531 1733 618 1796 sicut
644 1733 724 1795 dicit
749 1733 926 1811 Apostolus
950 1754 958 1794 :
985 1735 1108 1796 mones
1161 1730 1231 1792 rari
1245 1730 1281 1790 in
1292 1731 1494 1794 comestione
1518 1733 1704 1810 spirituali:
1721 1734 1815 1808 fides,
1833 1735 1968 1811 cogita-

308 1832 692 1906 commaerentem
710 1848 801 1894 unus
813 1833 936 1906 accipit
949 1834 1108 1894 bracium
1161 1826 1219 1900 tio,
1236 1827 1469 1906 intelligentia,
1485 1832 1657 1906 memoria,
1683 1847 1787 1905 amor,
1806 1832 1964 1906 imitatio,

310 1927 338 2008 (1
367 1931 440 1990 Cor.
474 1946 541 2001 ix,
557 1928 623 2010 24).
658 1931 733 1992 Non
766 1930 893 1992 intrant
930 1930 1105 2002 Saraceni,
1162 1924 1320 1988 adbaesio.
1340 1929 1445 1990 Homo
1467 1928 1589 2008 quippe
1610 1929 1667 2007 qui
1686 1930 1840 2004 comedit,
1865 1931 1965 2008 prius

306 2027 429 2100 iudaei,
451 2028 585 2104 pagani,
615 2028 648 2089 et
678 2027 755 2089 falsi
777 2028 963 2090 christiani.
988 2029 1107 2090 Venite
1161 2021 1344 2086 buccellam
1370 2026 1466 2103 panis
1488 2027 1589 2088 sumit
1611 2029 1644 2089 et
1664 2027 1699 2088 in
1722 2044 1759 2090 08
1787 2029 1893 2106 ponii,
1929 2031 1965 2091 ei

306 2140 367 2202 per
389 2125 500 2186 iidem.
526 2125 575 2187 Ad
598 2141 726 2187 coenam
749 2127 846 2187 istam
870 2126 983 2186 nullus
1004 2125 1108 2188 intrat
1161 2120 1314 2183 dentibus
1328 2121 1417 2194 terit,
1434 2123 1466 2183 et
1478 2124 1689 2201 persalivam
1704 2123 1744 2186 de
1760 2125 1868 2200 capite
1884 2126 1966 2187 des-

306 2222 373 2283 nisi
392 2237 452 2299 par
473 2223 582 2295 iidem,
606 2223 684 2300 quia
704 2224 791 2285 sicut
812 2224 892 2286 dicit
905 2223 1104 2300 Apostolus:
1162 2219 1355 2282 condentem
1381 2219 1419 2280 lit
1443 2219 1537 2281 cibus
1566 2222 1623 2282 ille
1647 2222 1829 2298 glutibilis,
1857 2224 1891 2285 ei
1912 2225 1964 2286 sic

305 2324 517 2396 impossibiie
529 2321 580 2383 est
591 2325 666 2382 siue
677 2323 744 2395 ride
753 2326 973 2396 pmccrebco
990 2320 1104 2400 (liebr.
1161 2317 1196 2378 in
1212 2319 1327 2380 ventre
1342 2317 1523 2394 descendit,
1546 2318 1623 2382 inde
1635 2335 1755 2396 corpus
1769 2320 1961 2396 roboratur,

305 2433 353 2492 ιι,
370 2416 416 2497 6).
436 2418 529 2481 Unde
550 2421 696 2482 ioannes
718 2419 755 2479 in
775 2419 920 2496 Epistola
943 2420 1106 2482 canonica
1161 2415 1194 2476 et
1221 2415 1358 2492 spiritus
1385 2416 1530 2478 bominis
1559 2417 1774 2479 sustentatur.
1802 2419 1962 2480 Buccella

307 2515 354 2596 (v,
368 2515 402 2596 6)
421 2538 428 2578 :
445 2520 532 2579 Hoec
552 2517 604 2580 est
622 2516 769 2578 victoria
790 2533 866 2591 cuoe
884 2519 990 2578 cilicii
1004 2533 1107 2580 mun-
1160 2512 1258 2590 panis
1273 2513 1324 2576 est
1344 2514 1452 2591 portio
1467 2514 1545 2576 ildei
1563 2530 1663 2592 quam
1682 2516 1841 2578 Dominus
1864 2516 1962 2593 ponit

306 2618 387 2694 dum
402 2616 488 2688 fides
501 2615 633 2677 nostra.
649 2617 731 2682 ouis
754 2615 804 2677 cst
823 2615 941 2678 cutem
956 2619 1014 2691 pai
1028 2619 1107 2678 11111-
1160 2609 1196 2670 in
1210 2626 1269 2672 ore
1289 2610 1409 2672 cordis.
1426 2614 1519 2673 Hanc
1540 2612 1692 2690 sequitur
1712 2613 1869 2690 cogitatio
1885 2631 1960 2692 quas

305 2714 352 2776 cti
365 2716 544 2785 mundum,
560 2715 629 2774 nisi
643 2716 702 2788 cci
713 2712 822 2774 credit
832 2703 994 2787 qnoniam
1004 2715 1106 2776 lesam
1160 2706 1310 2785 inquirit,
1326 2709 1416 2781 terit,
1433 2709 1467 2771 et
1481 2708 1566 2788 apud
1591 2725 1627 2770 se
1642 2709 1832 2787 trequenter
1846 2711 1962 2773 revol-

305 2811 358 2873 est
380 2813 489 2874 itlius
510 2813 584 2872 Det.
615 2810 712 2872 Fides
738 2811 852 2872 nostra
878 2810 931 2872 est
952 2809 1104 2885 victoria,
1160 2805 1219 2867 vit.
1246 2805 1372 2868 Deinde
1390 2807 1431 2868 de
1446 2807 1646 2883 cogitatione
1664 2823 1736 2884 quae
1755 2825 1875 2886 panem
1896 2809 1962 2872 tri-

307 2909 386 2986 quia
407 2923 466 2985 per
489 2909 595 2985 ipsam
619 2908 783 2970 vincimus
807 2907 980 2979 mundum,
1006 2907 1103 2980 idest,
1160 2903 1230 2964 tum
1247 2903 1433 2980 glutibilem
1447 2904 1566 2978 reddit,
1583 2921 1659 2966 cum
1680 2906 1807 2968 auxilio
1828 2907 1958 2980 salivae,

309 3006 493 3068 mundanas
515 3005 801 3082 concupiscentias
828 3005 861 3070 et
885 3022 1006 3068 vanam
1032 3006 1107 3082 glo-
1160 2999 1256 3073 idest,
1273 3001 1389 3078 graiiae
1405 3001 1635 3064 descendentis
1656 3003 1697 3065 de
1712 3004 1819 3082 capite
1834 3005 1960 3068 Christi

309 3103 394 3166 riam
414 3104 447 3167 et
467 3103 628 3165 malitiam
651 3103 891 3181 hujusmundi.
908 3105 1103 3180 congrega·
1159 3113 1219 3176 per
1243 3098 1499 3176 intelligentiam
1523 3101 1655 3174 transit,
1681 3102 1714 3164 et
1734 3101 1905 3165 descendit
1923 3104 1959 3164 in

308 3201 390 3261 mini
406 3216 464 3278 per
478 3201 700 3272 dilectionem,
710 3201 806 3274 idest,
821 3216 881 3277 per
894 3201 1103 3263 charitatem.
1159 3197 1320 3268 ventrem,
1356 3197 1452 3270 idest,
1489 3198 1524 3260 in
1557 3198 1763 3261 memoriam.
1795 3201 1959 3262 Memoria

306 3299 446 3361 Dilectio
462 3300 551 3360 enim
572 3300 679 3361 mater
703 3300 753 3360 est
772 3299 920 3360 omniurn
931 3299 1103 3372 virtutum,
1159 3294 1264 3356 nutrit
1290 3309 1448 3357 amorem.
1477 3298 1580 3358 Amor
1610 3296 1702 3359 ducit
1728 3297 1770 3359 ad
1797 3298 1961 3362 imitatio-

304 3397 352 3460 ita
368 3398 403 3459 ut
418 3396 627 3458 nullavirtus
642 3397 714 3458 sine
728 3397 787 3459 illa
807 3397 850 3461 sit
870 3397 987 3459 virtus.
1011 3396 1105 3459 Unde
1159 3407 1254 3466 nem:
1289 3393 1408 3456 merito
1440 3392 1520 3456 iacit
1558 3392 1690 3470 plenam
1718 3395 1957 3458 adhaesionem.

304 3495 504 3572 Apostolus:
527 3498 565 3557 st
585 3499 712 3573 linguis
732 3499 910 3558 Mutinam
932 3501 1054 3571 loquar
1071 3495 1105 3558 ct
1160 3489 1255 3551 Unde
1267 3511 1274 3551 :
1285 3491 1511 3557 Ouicdlraeret
1525 3494 1607 3562 Deo,
1621 3505 1724 3554 umus
1740 3495 1887 3570 spiritus
1905 3497 1960 3558 est

304 3599 544 3670 angelorum...
566 3590 596 3670 (i
607 3594 680 3652 Cor.
696 3607 770 3665 1111,
789 3591 832 3671 1).
844 3592 1105 3670 UndeAugusti-
1158 3601 1238 3649 curn
1251 3602 1291 3650 eo
1313 3585 1339 3660 (i
1355 3590 1427 3650 Cor.
1444 3605 1492 3661 vi,
1510 3587 1573 3668 17).
1590 3592 1660 3652 Ηοο
1678 3605 1765 3668 pane
1783 3589 1958 3654 contorta·

306 3707 369 3752 nus
387 3707 428 3750 :‹
448 3690 586 3750 Dilectio
613 3689 674 3750 Dei
700 3690 734 3751 et
753 3690 897 3767 proximi
921 3691 1056 3768 propria
1072 3691 1105 3752 et
1157 3685 1212 3746 tus
1227 3685 1326 3747 homo
1345 3687 1453 3763 potest
1466 3685 1580 3748 bibere
1594 3688 1745 3761 calicem,
1761 3687 1857 3762 idest,
1882 3705 1960 3750 sus-

306 3787 490 3864 spiritualis
506 3787 556 3848 est
569 3785 675 3847 virtus
696 3786 827 3863 piorum
849 3786 947 3863 atque
970 3790 1105 3848 sancto·
1158 3782 1265 3844 tinere
1289 3783 1489 3862 passionem.
1520 3783 1634 3846 Cibum
1664 3786 1762 3862 potus
1794 3788 1956 3864 sequitur.

305 3901 390 3957 rum,
416 3900 491 3946 curn
514 3886 643 3946 caeterae
670 3883 810 3945 virtutes
836 3882 932 3944 bonis
951 3885 983 3946 et
1004 3884 1102 3946 malis
1158 3881 1264 3954 Galix,
1289 3881 1384 3954 idest,
1408 3882 1519 3960 passio
1539 3883 1576 3944 in
1594 3899 1695 3946 manu
1717 3885 1859 3946 Domini.
1884 3885 1957 3948 Cito

306 3983 435 4062 possint
449 3997 522 4044 esse
542 3997 744 4044 communes
762 3999 780 4043 ι
796 3982 890 4044 Unde
904 3983 1025 4044 Beatus
1040 3985 1105 4045 Pe-
1157 3977 1279 4041 transit
1299 3979 1440 4058 impetus
1459 3980 1637 4058 passionis,
1662 3983 1748 4044 sicul
1770 3984 1866 4060 potus
1891 3985 1957 4044 cito

305 4083 377 4144 trus
398 4103 405 4142 :
430 4082 518 4142 Ante
549 4083 666 4142 omnia
697 4081 855 4143 muruco:
876 4084 914 4142 in
936 4085 1105 4144 vobisme-
1157 4075 1365 4152 transigitur.
1387 4075 1551 4138 Praedicta
1571 4078 1772 4140 comestione
1792 4078 1957 4141 roboratis

306 4179 405 4255 tipsis
432 4179 638 4241 cbcrttciem
664 4180 826 4241 babentes
853 4180 1055 4240 continuom
1075 4177 1104 4259 (i
1158 4173 1303 4236 occurrit
1321 4173 1353 4234 et
1369 4173 1565 4250 proponitur
1579 4174 1678 4236 calix.
1692 4178 1788 4237 Hunc
1804 4175 1957 4238 bibentes

307 4277 395 4340 Petr.
412 4292 460 4349 ιιι,
476 4275 522 4356 8).
1158 4267 1359 4342 desiderant,
1370 4270 1537 4332 etsitiunt.
1549 4271 1661 4334 Primo
1671 4273 1722 4334 est
1729 4273 1829 4346 calix,
1837 4272 1958 4336 deinde

344 4374 520 4437 Benedixit
543 4375 619 4436 ante
643 4373 765 4446 omnia,
789 4373 867 4452 quia
884 4373 1030 4436 charitas
1054 4375 1104 4438 est
1158 4367 1242 4430 sitis.
1268 4368 1354 4429 Hinc
1379 4368 1528 4446 sequitur
1551 4369 1658 4446 potus.
1681 4371 1839 4432 sitientes
1865 4371 1956 4432 enim

305 4472 401 4534 bonis
427 4471 580 4534 omnihus
606 4471 841 4549 praeponenda.
872 4471 957 4532 Ante
991 4472 1103 4534 omnia
1157 4466 1283 4542 potant.
1311 4465 1375 4528 Sed
1398 4466 1478 4542 quia
1498 4466 1593 4528 multi
1618 4467 1817 4545 incipientes
1840 4469 1957 4545 potare

304 4570 378 4632 sitis
393 4570 553 4632 habentes
577 4570 724 4632 mutuam
742 4568 949 4642 charitatem,
971 4569 1104 4631 utalter
1157 4561 1327 4634 deficiunt,
1344 4563 1523 4626 inebriatio
1538 4563 1688 4640 sequitur
1706 4566 1830 4642 potum.
1852 4565 1955 4628 Post-

305 4668 424 4744 diligat
443 4669 595 4739 alterum,
619 4667 652 4729 et
675 4667 760 4746 quod
778 4665 838 4726 tibi
860 4681 926 4728 non
947 4665 1010 4739 vis,
1026 4666 1103 4728 aliis
1157 4672 1257 4734 quam
1269 4657 1368 4720 bomo
1381 4674 1401 4720 a
1413 4658 1555 4720 terrenis
1568 4659 1745 4730 alienatur,
1764 4661 1956 4722 coelestibus

304 4781 347 4826 ne
370 4766 501 4828 feceris.
529 4767 569 4826 Ει
597 4765 669 4826 haec
693 4764 840 4826 charitas
865 4763 909 4825 sit
930 4764 1099 4826 continua,
1157 4752 1393 4817 conformatur.
1416 4756 1674 4820 inebriationem
1699 4758 1850 4836 sequitur
1871 4758 1955 4821 dor-

305 4862 390 4922 Nam
410 4863 439 4922 si
460 4862 561 4924 luerit
581 4863 778 4940 interrupta,
796 4877 863 4923 non
886 4862 937 4923 est
957 4861 1100 4924 sincera.
1157 4851 1510 4924 mii10‚d01‘mit10nem
1530 4855 1636 4933 quies.
1652 4855 1749 4917 Multi
1763 4857 1853 4917 enim
1875 4855 1956 4917 dor·

303 4959 444 5020 Tantum
459 4959 547 5020 enim
569 4975 630 5021 nos
653 4959 761 5036 diligit
782 4962 869 5020 Deus
888 4957 974 5038 quod
990 4959 1101 5020 omnia
1157 4949 1275 5022 iniunt,
1292 4950 1348 5026 (lui
1361 4965 1428 5012 non
1440 4953 1625 5030 quieseunt·
1643 4953 1791 5026 Quietem
1804 4954 1957 5032 sequitur

304 5073 366 5118 sua
381 5055 471 5118 dedit
482 5055 592 5132 nobis:
609 5057 730 5117 Filium
746 5071 888 5134 namque
903 5073 1000 5117 suurn
1013 5056 1102 5118 dedit
1156 5047 1225 5110 viia
1247 5049 1381 5120 aeterne,
1403 5049 1597 5128 311ῑί118110,
1618 5051 1676 5112 aui
1697 5051 1895 5130 quandoque
1920 5051 1955 5114 in

304 5154 346 5218 ad
377 5153 646 5231 redemptionem,
682 5153 768 5215 sicut
793 5151 875 5215 dicit
897 5153 1099 5230 Apostolus:
1152 5143 1288 5237 ‚insere
1301 5147 1380 5208 Haee
1393 5163 1486 5208 eoena
1505 5163 1626 5224 magna
1644 5148 1861 5222 essedicitur,
1876 5151 1954 5228 quia

303 5255 455 5326 Proprie
478 5253 547 5324 litto
563 5265 626 5312 suc
650 5265 718 5312 :coo
739 5250 892 5324 pepercit
915 5253 1019 5322 Deus,
1042 5255 1102 5314 sect
1156 5243 1234 5306 licet
1254 5241 1375 5304 babeat
1398 5243 1547 5322 initium,
1573 5245 1702 5308 nullum
1721 5245 1822 5308 babet
1840 5245 1953 5309 finem.

301 5365 367 5428 pro
390 5351 486 5412 cobis
512 5351 668 5410 omnibus
698 5348 842 5410 tradidit
870 5350 965 5409 iilum
987 5346 1098 5426 (Rom.
1157 5340 1298 5402 Undein
1312 5340 1463 5403 Psalmo:
1480 5343 1641 5406 satiabor
1660 5345 1955 5418 domomriisesta·

264 5475 268 5486 ’
303 5465 377 5521 vni,
391 5447 457 5527 32).
474 5444 634 5524 spiritum
650 5446 806 5508 Sanctum
820 5444 955 5507 tradidit
968 5445 1010 5506 ad
1025 5462 1101 5507 nos·
1155 5439 1248 5500 bitur
1258 5443 1368 5514 ptime
1383 5439 1444 5500 tua
1458 5437 1510 5518 (P.
1529 5442 1577 5514 16,
1595 5438 1659 5519 15).

303 5552 389 5609 tram
418 5541 724 5616 sanctificationem,
749 5541 828 5620 quia
858 5557 917 5618 per
939 5543 1099 5620 Spiritum
1195 5535 1341 5597 Ecclesia
1355 5535 1630 5600 saliatGhristum
1644 5537 1908 5616 bonisoperibus
1922 5540 1955 5600 et

305 5649 461 5708 Sanctum
493 5640 690 5706 sanctificati
721 5655 834 5702 sumus
863 5639 897 5702 in
923 5639 1097 5720 baptismo,
1155 5632 1280 5696 devotis
1296 5633 1512 5722 orationibus,
1530 5635 1895 5700 atsatiaturatlbristo
1919 5637 1953 5696 in
