3988 6302
574 377 730 453 QUlN'lA
756 375 1018 444 COMPILATIO.
1044 379 1120 444 LIB.
1145 383 1182 444 V.

284 570 497 662 TITULUS
536 570 626 658 XIX

147 766 188 814 us
208 765 393 813 vsasonuu
414 763 684 812 srsmrrcnmous
708 746 767 829 (1).

76 885 243 955 Petosiri
263 885 396 946 clericis
416 883 527 946 salicti
540 886 685 946 Joartrtt's
705 883 740 946 ct
752 885 856 945 Pauli

310 989 518 1052 mariscen
540 987 600 1069 (a).

367 1184 503 1246 anllT
524 1186 549 1247 1.

107 1347 206 1417 Quum
230 1343 318 1406 inter
341 1358 399 1405 vos
419 1343 541 1405 dudum
564 1343 712 1420 exparte
733 1358 811 1416 una,
824 1344 857 1404 et

72 1442 214 1504 abbatem
235 1441 342 1503 sancti
363 1441 454 1503 Petri
471 1441 510 1502 de
525 1441 858 1519 MonteSpoiet.dioe-

73 1541 149 1601 cesis
172 1556 215 1600 ex
237 1539 352 1612 attera,
370 1555 471 1616 super
489 1540 587 1601 tertia
601 1540 695 1617 parte
717 1539 858 1602 oblatio-

71 1654 141 1698 num
153 1638 186 1698 et
196 1637 443 1714 possessionum
464 1637 600 1714 capellae
616 1638 722 1699 sancti
736 1637 857 1699 Hilarii

72 1737 101 1796 et
112 1735 266 1796 cellarum
278 1734 395 1812 ipsius,
406 1735 439 1796 et
449 1735 644 1812 quibusdam
659 1735 735 1796 aliis
746 1750 857 1796 coram

70 1832 156 1893 bonae
180 1833 348 1894 memoriae
369 1830 419 1911 (b)
439 1832 565 1909 Angelo
590 1833 696 1894 saneti
716 1832 857 1896 Andreae

70 1929 202 1990 diacono
217 1929 390 2002 cardinali,
404 1930 483 1992 tunc
492 1930 693 1992 subdiacono
704 1931 736 1993 st
746 1930 859 2008 capel-

69 2027 139 2088 lano
161 2027 272 2090 seticis
293 2028 534 2091 recordationis
550 2030 575 2089 l.
592 2031 702 2106 Papae,
723 2028 856 2105 praede-

70 2126 205 2188 cessoris
215 2127 333 2199 nostri,
346 2125 387 2187 ab
398 2125 512 2188 eodem
522 2125 768 2204 praedecessore
780 2143 859 2203 par-

68 2365 93 2414 et
105 2358 251 2416 voluntate
273 2358 410 2416 bonorum
430 2365 512 2416 terne
532 2373 603 2416 meae
618 2360 743 2415 virorum
764 2357 858 2431 juravi

68 2430 116 2486 sibi
140 2437 168 2486 et
191 2430 343 2488 Communi
358 2429 462 2486 Pisano
482 2431 694 2502 inperpetuum
720 2444 776 2486 una
791 2443 857 2486 oum

68 2501 122 2556 viro
135 2515 201 2556 meo
210 2499 246 2556 de
259 2515 334 2558 novo
347 2499 490 2570 fidelitate,
505 2507 590 2573 atque
601 2501 766 2557 investitura
776 2508 858 2558 terrae

67 2586 133 2628 mete
148 2585 216 2627 cum
228 2571 288 2628 viro
304 2578 399 2628 nostro
410 2570 449 2628 ab
460 2570 561 2630 eodem
573 2573 690 2628 consule
706 2586 756 2643 per
773 2572 858 2630 vexil-

67 2640 119 2697 lum
134 2643 273 2699 Pisanum
286 2649 429 2714 suscepta,
441 2650 577 2714 tanquam
591 2641 665 2700 fatuo
682 2649 710 2699 et
719 2642 858 2714 insipiens

66 2713 163 2784 prioris
190 2714 341 2771 'uramenti
366 2713 452 2770 oblita
467 2713 572 2770 donavi
588 2714 692 2782 paritor
711 2728 775 2770 cum
796 2713 857 2770 viro

63 2799 136 2852 meo,
160 2729 198 2842 ad
224 2783 390 2842 instantiam
418 2785 544 2842 consulis
569 2784 731 2854 memorati,
753 2784 856 2841 collem

65 2853 217 2924 quemdam
241 2869 307 2912 cum
322 2855 382 2912 suis
403 2855 589 2928 pertinentiis,
605 2856 728 2924 Pisanis,
748 2856 777 2912 iu
802 2870 858 2928 quo

64 2931 160 2996 postea
176 2926 234 2998 ipsi
254 2925 465 2984 aediiloaverunt
479 2927 533 2983 sibi
555 2927 776 2983 munitissimum
793 2941 856 2983 eas-

62 3003 146 3064 trum,
168 2999 198 3052 iu
213 2996 350 3054 damnum
378 3003 406 3054 et
440 2998 658 3070 occupationem
680 3012 737 3054 non
765 2997 858 3054 solum

64 3073 144 3123 lerrae
168 3067 177 3124 i
201 3069 271 3136 sius,
296 3067 348 3125 sed
376 3067 460 3125 totius
483 3067 629 3126 Sardiniae.
653 3069 735 3126 Nunc
764 3075 857 3126 autem

62 3153 149 3219 quum
165 3084 203 3195 ag
215 3139 257 3195 eis
276 3153 437 3221 sperarem,
452 3139 607 3196 secuudum
622 3154 674 3222 sua
699 3138 769 3221 nribi
785 3154 856 3223 prse-

62 3215 124 3264 suta
132 3215 309 3291 juramenta,
322 3216 526 3281 protectionem
545 3225 560 3266 a
577 3209 701 3281 quolibet
714 3225 771 3266 vim
784 3209 829 3266 mi
847 3239 857 3251 ·

62 3288 151 3349 rente,
168 3295 226 3336 nee
243 3281 300 3407 issi
320 3287 436 3350 terram,
454 3281 499 3338 vel
514 3280 663 3350 bonorem,
679 3288 727 3338 aut
746 3280 860 3353 aliquod

59 3351 103 3422 jus
125 3366 227 3408 meum
272 3351 394 3408 ebebant
408 3351 490 3419 mihi,
507 3367 559 3409 seu
573 3353 634 3409 viro
649 3367 713 3409 meo
738 3352 858 3422 auterre,

62 3436 246 3494 quacumque
257 3420 409 3493 dejocum,
425 3422 471 3479 vel
481 3423 620 3492 minuere,
638 3429 762 3479 econtra
777 3424 857 3480 Pisa-

59 3507 161 3550 norum
179 3495 397 3566 potestasque
410 3508 475 3550 cum
486 3495 610 3550 maximo
628 3494 753 3550 exercitu
770 3495 857 3550 intra·

61 3565 99 3621 vit
112 3565 143 3620 in
160 3563 337 3634 Sardiniam,
353 3572 455 3638 praeter
469 3565 556 3621 multa
581 3564 696 3632 damna,
712 3579 775 3636 oute
791 3563 860 3621 mihi

59 3643 86 3692 et
98 3633 271 3692 bominibus
285 3641 367 3692 terrae
382 3651 453 3692 meae
471 3642 529 3692 tam
544 3635 663 3704 clericis,
680 3649 765 3708 quam
781 3635 861 3692 laicis

58 3706 217 3763 crudeliter
240 3707 387 3778 intelliget
401 3704 528 3778 quotidie
551 3704 644 3775 interl,
658 3706 705 3779 jus
724 3714 752 3763 et
767 3706 858 3763 bono·

59 3791 118 3833 rem
133 3778 192 3833 viri
225 3777 282 3834 mei
301 3784 330 3833 et
351 3792 448 3834 meum
469 3777 603 3835 omuibus
625 3778 697 3834 meis
717 3777 817 3847 aufert,
833 3785 861 3835 et

56 3855 180 3905 conatur
198 3847 229 3904 in
254 3855 398 3921 posterum
412 3847 520 3906 viribus
539 3846 669 3905 auferre:
686 3863 752 3906 nam
772 3856 800 3906 et
816 3850 859 3906 in·

57 3919 159 3976 troitus
176 3926 281 4046 florius
300 3935 349 3992 per
365 3921 460 3976 omnia
482 3919 536 3976 sibi
551 3918 714 3988 vindicavit,
731 3926 758 3976 et
774 3919 862 3978 vindi·

58 3998 112 4060 cat,
129 3997 160 4047 et
200 3991 314 4046 omines
336 3997 419 4048 terrm
445 4005 517 4047 mese
539 3989 649 4047 nobiles
674 3990 813 4063 capiendo
831 4000 861 4049 et

55 4060 283 4130 incarcerando,
305 4075 349 4118 me
372 4076 405 4118 ac
425 4062 486 4119 viro
512 4076 577 4118 meo
600 4062 706 4130 invitis,
724 4061 860 4134 judicium

56 4133 100 4188 sui
113 4135 202 4206 regis
223 4139 253 4189 et
270 4132 386 4190 domum
401 4133 539 4190 violenter
549 4133 706 4205 usurpavit,
724 4141 861 4206 tanquam

55 4203 91 4260 sil
119 4203 265 4261 dominus
284 4211 366 4261 terrae
391 4204 527 4261 naturalis
551 4210 579 4260 ct
601 4203 698 4276 iudex.
724 4205 860 4272 Quocirca

56 4291 146 4346 quum
167 4289 232 4331 non
247 4274 450 4347 sitjmihi,]vel
468 4275 526 4331 viro
550 4289 614 4332 meo
630 4273 772 4348 retugium
785 4274 860 4332 aliud

56 4355 163 4419 praeter
180 4349 287 4414 Deum,
313 4360 398 4420 quam
413 4352 549 4414 vestrum,
572 4359 626 4402 nec
644 4344 679 4402 ab
699 4345 753 4402 alio
768 4346 861 4418 aliquo

53 4433 217 4490 speramus
224 4417 318 4488 jovari
342 4431 375 4473 ac
390 4423 578 4485 manuteneri,
595 4431 680 4488 quam
693 4415 858 4488 abAposto·

53 4490 107 4546 lica
124 4491 242 4562 pietate
256 4493 318 4558 eta,
337 4495 460 4544 vestram
482 4501 568 4544 exoro
580 4486 814 4556 dominationem,
830 4494 862 4544 ut

52 4561 219 4618 subvenire
244 4557 315 4616 mihi
336 4565 365 4616 et
389 4559 450 4615 viro
475 4573 549 4627 meo,
568 4559 660 4616 servis
685 4566 713 4614 et
733 4557 861 4620 fidelibus

51 4634 172 4701 vestris,
195 4644 309 4687 necnon
330 4628 380 4686 toti
396 4627 544 4698 Sardiniae,
560 4635 643 4702 prout
658 4627 759 4686 melius
771 4645 857 4702 expe·

51 4703 113 4760 dire
125 4705 249 4762 Vestrae
261 4701 423 4758 sanctitatis
442 4699 574 4758 discretio
587 4700 697 4769 viderit,
711 4701 858 4772 quantoci-

50 4777 118 4844 tius,
132 4775 177 4832 uti
194 4780 339 4845 optamus,
353 4786 410 4828 nou
422 4770 628 4845 dedignemini,
644 4777 672 4828 et
686 4770 860 4829 occurrendo

49 4846 229 4913 subvenire,
247 4840 486 4915 quemadmodum
508 4841 694 4916 sperabamus
707 4856 807 4900 secure
831 4843 860 4899 in

48 4917 178 4974 brachio
195 4915 306 4988 potenti
323 4915 512 4972 antecessoris
528 4915 623 4982 vestri,
640 4920 750 4970 tantum
771 4921 800 4970 et
826 4929 860 4971 eo

48 4989 197 5062 amplius,
226 4985 383 5042 secundum
406 4983 486 5042 vobis
511 4986 634 5068 gratiam
663 4984 699 5041 de
730 4985 861 5057 supernis

47 5061 192 5116 collatam
219 5057 248 5113 in
272 5063 375 5114 vestrae
393 5057 536 5114 servitutis
557 5055 657 5113 robore
672 5055 860 5112 confidentius

48 5131 200 5202 deinceps
219 5127 379 5184 valeamus
389 5128 550 5199 persistere.
571 5127 769 5199 Supplieamus
786 5141 857 5198 prae-

46 5211 128 5262 terea
148 5203 200 5258 vir
220 5213 301 5258 meus
325 5213 425 5256 servus
436 5206 539 5268 vester,
565 5204 595 5255 et
618 5211 684 5270 ego,
713 5205 744 5254 ut
760 5206 860 5254 vestroe

47 5270 255 5346 indulgentiae
272 5269 437 5328 auctoritate
456 5269 562 5337 habita,
576 5269 660 5325 liceat
674 5267 758 5325 nobis
771 5269 795 5325 si
811 5284 860 5324 ex-

45 5345 192 5417 pedierit,
220 5341 263 5397 vel
285 5356 348 5398 cum
361 5340 457 5414 judice
478 5341 637 5408 Tomitana,
658 5345 784 5395 autenm
810 5341 858 5397 Ja-

45 5417 170 5483 nuensi,
196 5427 253 5468 seu
275 5427 341 5469 cum
375 5413 429 5469 alia
456 5419 542 5485 gente
568 5418 702 5466 extranea
718 5410 860 5482 pactionis

44 5488 120 5544 inire
141 5501 183 5544 ac
212 5483 357 5540 societatis
380 5482 482 5551 ioedus,
496 5489 526 5540 ut
546 5482 659 5538 vinculo
672 5480 801 5538 absoluto
814 5483 857 5538 in·-

39 5561 112 5638 justi
125 5555 315 5616 sacramenti
337 5553 448 5611 Pisanis
463 5553 588 5626 praestiti,
606 5552 748 5624 possimus
761 5551 796 5608 ab
808 5567 857 5609 eo·

42 5647 110 5686 rum
132 5623 281 5685 manibus
296 5625 419 5694 liberari,
441 5632 470 5681 et
484 5625 555 5682 colla
569 5621 745 5680 excutereab
763 5623 859 5695 iniquo

38 5701 115 5775 jugo
149 5705 213 5757 etc.
247 5697 396 5766 Praeterea,
424 5696 604 5754 sanctissime
626 5695 717 5761 Pater,
741 5709 775 5750 ao
798 5710 858 5750 me·
933 5703 950 5760 p

41 5773 160 5832 tuende
180 5769 319 5838 Domine,
336 5769 420 5826 timor
438 5773 481 5842 et,
489 5774 595 5826 tremor
610 5765 751 5822 maximus
770 5780 859 5837 nuper

1644 389 1705 451 382

908 560 996 622 tibus
1011 562 1162 624 auditore
1178 576 1336 624 concesso
1352 560 1491 640 quaestio
1507 564 1703 639 verteretur,

909 659 942 720 ei
953 658 1060 720 eidem
1079 659 1264 721 constiterit
1277 659 1421 722 auditori
1437 676 1457 722 a
1472 659 1566 723 vobis
1581 663 1704 739 proba-

909 759 978 818 tum
989 756 1384 834 suissspsrquadraginta
1396 775 1501 821 annos
1517 761 1705 838 etamplius

909 854 1042 916 tertiam
1052 857 1181 931 partem
1192 853 1395 916 oblationum
1409 857 1558 935 ejusdem
1569 853 1706 937 capellae

910 953 1054 1014 vestram
1063 952 1595 1030 ecclesiamrecepisse‚aclericis
1606 957 1707 1019 insti-

909 1051 1070 1127 tntisper
1095 1049 1246 1112 abbatem
1271 1051 1311 1112 ds
1334 1053 1456 1126 Monte,
1482 1054 1629 1132 tuisque,
1657 1055 1706 1116 iili

911 1149 1012 1226 prior,
1033 1149 1181 1210 eamdem
1195 1147 1328 1210 tertiam
1343 1149 1376 1211 te
1397 1151 1622 1212 commississe
1643 1152 1707 1213 ali-

911 1247 1042 1325 quando
1064 1247 1283 1323 colligendam
1299 1248 1527 1324 praedeeessor
1546 1249 1706 1326 praelatus

911 1345 1017 1422 ipsam
1031 1344 1164 1406 tertiam
1178 1345 1335 1407 Ecclesiae
1357 1347 1552 1408 Sanctorum
1567 1349 1707 1410 loannis

911 1442 944 1504 et
967 1443 1063 1509 Pauli
1087 1442 1292 1520 adjudicans,
1315 1443 1429 1506 statuit
1453 1444 1489 1505 ut
1514 1443 1575 1507 tibi
1603 1445 1707 1522 priori

911 1541 1027 1602 liceret
1056 1557 1116 1618 per
1148 1541 1279 1603 eosdem
1304 1542 1442 1603 clericos
1469 1538 1569 1620 (sieut
1598 1543 1709 1604 iuerat

912 1637 1126 1718 consuetum)
1142 1641 1269 1717 partem
1293 1639 1451 1716 colligere
1477 1641 1706 1714 memoratam,

911 1739 1009 1813 prout
1016 1736 1050 1796 in
1058 1737 1207 1813 ejusdem
1218 1736 1473 1814 praedecessoris
1484 1737 1604 1798 litteris
1614 1753 1709 1814 pers-

911 1835 1063 1912 peximus
1079 1834 1255 1897 contineri.
1267 1837 1389 1896 Verum
1405 1835 1482 1912 quia
1501 1835 1709 1910 postmodum

912 1931 1066 1992 sacerdos
1089 1931 1256 2009 praediciae
1276 1931 1413 2008 capellae
1433 1947 1589 1994 asserens
1610 1931 1708 1994 obla-

911 2030 1038 2091 tionum
1063 2029 1196 2092 nomine
1220 2030 1357 2090 minime
1382 2029 1545 2091 contineri
1570 2044 1609 2091 ea
1635 2046 1709 2106 quae

912 2127 977 2204 ipsi
992 2127 1130 2206 capellae
1150 2127 1185 2188 in
1207 2126 1388 2189 festivitate
1403 2128 1549 2189 omnium
1566 2128 1709 2190 Sancto-

914 2367 1052 2416 venerunt
1072 2374 1157 2432 super
1165 2375 1221 2428 me,
1239 2373 1272 2417 ac
1282 2365 1400 2417 cunctos
1413 2365 1494 2416 terrae
1510 2375 1592 2430 mec,
1609 2375 1659 2432 pro
1674 2373 1709 2416 eo

913 2429 987 2503 quod
1002 2431 1056 2503 ipsi
1078 2447 1118 2487 ste
1139 2430 1205 2488 elati
1223 2430 1315 2489 Pisani
1331 2446 1388 2487 non
1407 2431 1500 2487 sotum
1518 2432 1554 2487 de
1573 2446 1647 2488 novo
1662 2431 1707 2487 in-

913 2501 1028 2570 sultant,
1041 2511 1070 2558 et
1081 2447 1161 2558 vatia
1176 2516 1208 2558 sc
1216 2501 1335 2574 jactant,
1356 2516 1455 2558 verum
1470 2503 1557 2558 etiam
1570 2509 1705 2559 constan·

913 2573 1022 2629 tissime
1060 2579 1228 2630 asseverant
1262 2579 1386 2629 castrum
1416 2571 1484 2629 illud
1518 2581 1706 2630 memoratum

913 2651 1006 2700 vestra
1027 2643 1131 2716 gratia,
1148 2643 1306 2702 voluntaria
1321 2651 1349 2699 et
1366 2643 1490 2716 gratuita
1510 2643 1656 2701 voluntate
1679 2643 1709 2698 in

912 2729 964 2772 suo
977 2713 1078 2772 robore
1092 2721 1123 2772 ut
1144 2713 1292 2771 fundatum
1316 2720 1368 2782 est,
1394 2720 1421 2770 et
1440 2719 1575 2786 perpetua
1596 2713 1709 2771 duratu-

913 2800 975 2842 rum
996 2785 1143 2855 firmitate3
1174 2785 1293 2858 quodsi
1321 2799 1419 2842 verum
1447 2792 1500 2852 est,
1533 2783 1608 2856 quod
1635 2784 1709 2842 absit

913 2871 969 2913 non
983 2857 1075 2913 solum
1090 2856 1137 2929 jus
1149 2862 1177 2913 et
1189 2853 1346 2913 dominium
1362 2868 1468 2924 meum,
1484 2861 1708 2927 cunctorumque

914 2927 1050 2985 Sardiniae
1074 2927 1201 3000 judicum
1223 2942 1259 2984 ex
1278 2933 1336 2984 toto
1355 2927 1493 2983 violenter
1508 2926 1709 2998 occupabunt:

914 3013 1012 3055 verum
1040 3000 1126 3056 etiam
1149 3001 1210 3072 ipsa
1226 3003 1407 3054 sacrosancta
1424 2999 1552 3054 Romana
1567 2997 1707 3067 Ecclesia,

914 3084 971 3126 uon
993 3069 1056 3127 dieo
1072 3071 1172 3138 nullas,
1188 3068 1238 3126 scd
1253 3069 1335 3126 valde
1354 3066 1481 3125 modicas
1494 3069 1522 3124 in
1536 3075 1594 3124 tota
1610 3068 1706 3126 Sardi·

915 3139 960 3197 uia
976 3140 1020 3197 sui
1033 3140 1106 3213 juris
1118 3142 1194 3198 vires
1207 3139 1333 3209 babebit,
1347 3140 1392 3196 vel
1403 3139 1544 3195 dominari
1559 3140 1662 3211 poterit
1676 3141 1706 3196 iu

914 3223 959 3279 ea,
986 3219 1016 3270 ut
1041 3212 1108 3269 olim
1131 3211 1295 3268 consuevit:
1313 3225 1379 3267 nam
1402 3210 1426 3266 si
1449 3209 1532 3267 bonta
1559 3211 1706 3268 memoria

914 3283 1052 3354 magistro
1071 3284 1165 3340 Blasio
1178 3284 1327 3340 Turrituuo
1340 3279 1554 3353 archiepiscopo
1570 3279 1605 3337 ad
1625 3281 1706 3340 Cala-

914 3354 968 3409 rim
984 3355 1126 3422 veniente,
1152 3369 1202 3436 pro
1225 3368 1259 3410 eo
1286 3351 1361 3424 quod
1387 3351 1554 3409 credebatur
1581 3350 1616 3408 ab
1639 3353 1710 3424 ipsis

915 3424 1084 3508 Apostolieae
1100 3423 1310 3497 Sedtslegatus,
1325 3423 1554 3495 multasinjurias
1565 3436 1598 3478 ac
1610 3424 1709 3480 mortis

911 3509 1008 3552 minas
1032 3496 1161 3567 nequiter
1179 3495 1342 3560 intulerunt,
1365 3509 1452 3565 quum
1480 3507 1536 3549 non
1556 3499 1653 3549 essent
1679 3494 1708 3550 iu

915 3565 1076 3623 tortitudine
1087 3566 1180 3638 aliqua
1195 3565 1349 3633 constituti,
1364 3564 1452 3620 multo
1464 3561 1562 3623 lortius
1575 3577 1608 3620 ac
1618 3562 1706 3620 vehe-

916 3637 1038 3694 mentius
1053 3635 1226 3694 credendum
1241 3643 1294 3704 est,
1312 3635 1418 3693 nullum
1439 3635 1467 3690 in
1485 3642 1629 3706 posterum
1654 3636 1709 3692 Ro-

916 3723 1009 3765 manae
1019 3707 1100 3766 Sedis
1110 3709 1252 3776 nuntium,
1269 3714 1316 3763 aut
1328 3707 1414 3763 etiam
1424 3705 1550 3777 legatum
1560 3705 1647 3762 alium
1661 3706 1708 3778 qui

915 3794 972 3836 non
985 3780 1021 3837 sil
1032 3781 1162 3848 Pisanus,
1172 3795 1257 3852 posse
1271 3778 1423 3835 suasvires
1433 3779 1506 3833 inter
1520 3791 1570 3834 eos
1582 3792 1617 3834 ex
1639 3777 1706 3846 lere,

916 3851 1057 3924 praecipue
1091 3867 1158 3908 uum
1171 3851 1228 3907 sint
1248 3849 1332 3906 modo
1346 3849 1375 3905 iu
1386 3863 1452 3905 arce
1462 3791 1708 3918 roborisratfieati,

915 3928 944 3978 et
956 3922 984 3978 in
998 3868 1112 4004 spectata
1124 3921 1264 3994 superbiae
1279 3920 1354 3992 apud
1362 3919 1532 3991 semetipsos
1547 3919 1709 3978 firmissime

916 3991 1099 4063 lucislucis.
1121 3995 1236 4050 Terram
1256 4005 1326 4063 ergo
1351 3991 1436 4047 istam
1462 3997 1492 4047 ut
1506 3990 1610 4060 velitis,
1632 3989 1707 4046 ordi-

917 4071 1020 4120 nate.»

950 4135 1013 4192 Tria
1030 4134 1058 4190 in
1071 4132 1127 4192 hac
1139 4133 1258 4206 epistola
1274 4131 1397 4189 notanda
1414 4137 1497 4188 sunt:
1514 4131 1652 4199 Primum,
1660 4129 1706 4202 ju-

918 4204 1040 4262 dicatum
1056 4206 1246 4264 calaritanum
1261 4201 1424 4259 omnimode
1443 4201 1515 4273 turis
1536 4208 1565 4258 et
1580 4203 1707 4274 proprie·

917 4278 982 4333 latis
992 4290 1056 4332 esse
1069 4276 1150 4334 Sedis
1162 4273 1341 4347 spostolicae.
1357 4271 1529 4339 Secundum,
1541 4285 1606 4328 etun
1619 4287 1705 4328 oceu-

916 4353 1013 4420 patum
1028 4347 1166 4404 violenter
1181 4361 1197 4402 a
1222 4345 1342 4402 Pisanis.
1359 4344 1483 4400 Tertium
1496 4341 1655 4415 judicatum
1673 4349 1709 4422 ..⁰⁸

916 4433 1037 4475 reanum
1053 4414 1328 4478 Calaritanumidem
1344 4429 1408 4472 esse
1424 4431 1431 4471 :
1446 4414 1489 4470 sie
1506 4429 1537 4469 re
1561 4427 1597 4470 ua
1608 4413 1707 4482 lsrael,

915 4459 1081 4549 effiastellae
1100 4505 1115 4546 a
1136 4487 1279 4562 judicibus
1294 4500 1420 4558 coepere3
1444 4485 1486 4540 sic
1507 4429 1707 4567 dtffianaricus,
1793 4493 1798 4503 ’

915 4560 963 4635 qui
989 4561 1088 4619 Gothis
1103 4557 1302 4618 dominabatur
1315 4557 1368 4613 sub
1384 4556 1502 4614 Valente
1524 4563 1705 4628 imperatore,

914 4630 992 4704 regis
1007 4646 1111 4689 nomen
1125 4628 1292 4703 repudiavit,
1310 4635 1338 4683 et
1348 4627 1454 4686 iudicis
1469 4627 1624 4698 usurpavit,
1641 4626 1707 4698 quia

914 4714 946 4764 ut
959 4704 997 4762 ait
1011 4703 1186 4761 themistius
1201 4698 1379 4772 Euphrades,
1396 4698 1431 4754 de
1448 4711 1483 4753 eo
1497 4698 1617 4769 loquens
1634 4704 1706 4754 orat.

916 4779 959 4847 10,
974 4783 1018 4828 τοῦ
1039 4773 1158 4840 βασιλέως
1172 4769 1312 4834 ἐπωνυμία,
1328 4771 1453 4833 δυνάμεως
1464 4768 1622 4834 πρόστρημα,
1637 4770 1666 4819 rb
1682 4770 1709 4818 at

914 4857 958 4900 τοῦ
969 4852 1084 4901 δικαστοῦ
1099 4845 1195 4909 σοφίας,
1205 4841 1357 4911 appellatio
1369 4840 1443 4910 repis
1454 4839 1627 4909 estpoientioe
1638 4853 1706 4908 pro·

913 4923 991 4993 pria,
1016 4917 1123 4990 podicis
1152 4912 1305 4985 sapientia.
1341 4908 1412 4972 Vide
1450 4907 1546 4966 Arum.
1582 4909 1706 4968 Marcell.

915 4993 963 5051 lib.
980 4991 1024 5050 27.

951 5079 992 5210 St)
1012 5080 1049 5138 Ge
1064 5077 1130 5135 titre
1145 5081 1188 5159 est
1202 5074 1228 5156 le
1247 5071 1300 5152 36⁰¹
1315 5069 1395 5152 della
1415 5069 1582 5140 Compitalia
1599 5069 1708 5140 prima,

915 5160 943 5211 et
968 5151 1043 5209 eloe
1056 5148 1106 5206 des
1120 5149 1227 5204 Deerat.
1245 5145 1453 5212 drcportcnncs.

951 5239 993 5314 (a)
1007 5231 1300 5313 Sanctorumloconis
1321 5234 1347 5286 ei
1359 5226 1642 5310 PaclilTaderticca.
1657 5229 1710 5286 Tu·

915 5313 1037 5380 derium,
1055 5308 1122 5366 Tadi
1143 5308 1171 5363 iu
1185 5301 1300 5364 Umbria
1317 5299 1352 5357 ad
1365 5299 1498 5356 Tiberim.

951 5399 989 5476 (b)
1003 5401 1050 5457 Aa
1067 5399 1109 5455 eto
1123 5397 1150 5454 S.
1169 5393 1288 5450 Andreae
1301 5389 1417 5444 diacono
1429 5386 1582 5445 cardinali.
1594 5389 1707 5446 Nullum

916 5475 1000 5531 atium
1028 5469 1073 5528 lus
1098 5463 1272 5538 temporibus
1293 5459 1408 5516 invenio
1433 5458 1606 5516 cardinalem
1624 5458 1708 5530 hujus

915 5542 1050 5610 nominis,
1075 5552 1161 5611 quam
1182 5532 1329 5606 ,Angelum
1356 5529 1507 5586 diaconum
1533 5528 1706 5586 cardinalem

915 5617 943 5673 S.
957 5610 1085 5679 Adriani,
1101 5614 1227 5665 creatum
1240 5604 1274 5660 ab
1291 5601 1519 5666 innocentiolll,
1536 5614 1611 5656 anno
1627 5600 1706 5667 mla,

915 5703 929 5744 n
952 5685 989 5743 ud
1009 5679 1198 5741 Ciacconium.
1220 5675 1272 5732 llic
1291 5670 1442 5729 cardinalis
1459 5678 1576 5726 vocatur
1595 5683 1707 5742 quoque

914 5759 943 5816 iu
956 5759 1071 5829 liegesl.
1083 5749 1198 5809 lionorii
1213 5743 1365 5803 cardinatis
1380 5743 1407 5800 S.
1421 5741 1546 5797 Adriani.
