3968 6296
278 330 338 394 659
743 325 919 390 HONORII
941 325 986 387 ΙΙΙ
1012 323 1160 388 OPERA.
1178 353 1215 366 -
1232 323 1464 386 SERMONES.
1866 331 1917 392 660

320 491 432 555 Nubes
447 489 568 569 pluviae
589 491 641 553 est
659 488 889 551 misericordia
903 487 983 562 Dei;
1000 485 1077 564 qula
1131 497 1190 546 nes
1201 483 1281 546 mali
1288 483 1473 554 christiani,
1484 480 1610 562 quibus
1621 483 1918 554 diceturdtemaie·
1960 515 1961 518 ¹

182 630 183 634 =
282 589 369 652 sicui
382 589 485 652 nubes
505 590 626 668 pluviae
645 587 725 650 iacit
742 588 850 648 terras
862 586 1074 658 fructificare,
1131 583 1261 646 diciiin
1280 585 1397 659 ignem
1411 584 1590 644 aeternnm
1610 581 1743 663 (matth.
1767 598 1842 658 xxv,
1858 589 1914 670 41).
1960 653 1961 668 ,

282 688 329 750 ita
352 685 581 750 misericordia
603 687 662 748 Dei
684 685 764 748 iacit
782 685 910 746 animas
930 685 1076 745 fidelium
1131 681 1206 742 Non
1226 679 1463 757 judicabuntur
1486 681 1522 742 et
1551 680 1798 746 damnabuntur
1818 699 1916 749 omnes

281 782 378 845 honis
411 782 566 862 operibus
598 783 778 844 abundare.
815 781 908 843 Unde
936 779 1040 842 David
1067 801 1074 840 :
1131 777 1294 848 infideles,
1313 777 1398 840 sicut
1412 778 1543 856 Pagani
1564 779 1733 842 etJudaei.
1755 782 1916 845 Undebo-

281 882 504 958 Maeotideaia
530 882 582 944 est
613 895 720 956 nsque
745 884 790 943 ad
811 885 911 942 emtas
937 881 1078 941 miseri-
1131 875 1241 937 minus
1262 876 1298 937 in
1319 877 1499 953 Evangelio
1515 899 1525 937 ·:
1548 879 1616 944 Oai
1640 891 1710 940 non
1727 880 1833 940 credit
1850 884 1917 954 jorn
1960 913 1961 922 κ

281 981 399 1040 cordia
417 980 487 1049 tua,
506 980 541 1042 et
554 993 661 1054 usqne
680 982 725 1040 ad
743 981 849 1039 nabes
866 977 999 1039 ceritas
1018 976 1077 1037 tao
1124 973 1302 1047 judicatas
1319 974 1382 1048 est,
1401 977 1482 1050 anio
1502 989 1576 1037 non
1600 976 1715 1036 credit
1736 977 1774 1037 in
1795 982 1918 1042 notitiae

283 1071 351 1152 (Ps.
374 1075 424 1149 56,
453 1074 515 1149 11).
538 1076 578 1140 Et
600 1075 730 1137 David:
752 1075 994 1138 Misericordia
1013 1075 1078 1134 Do
1135 1071 1659 1153 Unigenitieiiiibeidoan.111,
1676 1070 1741 1152 18).
1759 1074 1916 1151 Sequitur:

282 1175 369 1234 mini
378 1179 483 1248 piena
497 1175 550 1236 est
561 1175 660 1236 terra
673 1171 741 1253 (Ps.
758 1174 808 1246 31,
823 1169 866 1251 5).
978 1230 985 1246 ,
1076 1247 1078 1251 ι
1132 1170 1273 1232 ethabet
1287 1173 1324 1232 in
1338 1172 1545 1233 vestimento
1562 1171 1598 1232 ei
1613 1174 1652 1232 in
1672 1172 1803 1246 femore
1822 1177 1919 1248 scrip-

320 1273 367 1331 De
395 1271 459 1332 hac
484 1270 571 1332 nube
599 1271 722 1346 legitur
757 1271 792 1332 in
818 1267 1075 1331 Ecclesiastico:
1133 1268 1217 1330 tam.
1237 1269 1302 1328 Per
1317 1269 1552 1330 vestimentum
1568 1267 1696 1329 Christi
1718 1267 1918 1346 intelligimus

282 1370 443 1443 Speciosa
462 1369 514 1432 est
527 1371 767 1431 misericordia
787 1372 851 1430 Dei
872 1367 1077 1442 intempore
1133 1365 1282 1439 sanctos
1299 1365 1356 1443 qui
1379 1365 1518 1429 fuerunt
1538 1367 1574 1428 et
1598 1365 1738 1428 erunta
1762 1366 1918 1430 nativitate

284 1466 913 1541 eradicationis,nmtaaoespiaviaem
925 1465 1078 1539 tempore
1132 1461 1255 1525 Christi
1277 1464 1438 1541 usquead
1453 1463 1555 1526 tinem
1570 1462 1700 1547 mundi.
1721 1462 1812 1525 Sicut
1833 1465 1918 1526 Pater

283 1562 449 1624 siccitatis
464 1560 564 1641 (Eccl.
580 1579 683 1636 xxxv,
699 1563 765 1646 26).
787 1565 928 1641 Tempus
942 1561 1077 1624 siccita·
1132 1559 1212 1622 dicit
1240 1560 1281 1621 ad
1316 1561 1438 1623 Filium
1468 1578 1529 1640 per
1556 1561 1683 1624 isaiam
1712 1561 1915 1638 Prophetam:

283 1658 338 1732 tis,
354 1659 450 1734 idest,
466 1659 595 1738 tempus
609 1660 833 1723 tribulationis
848 1659 911 1722 fuit
926 1659 1079 1737 martyri·
1133 1659 1295 1720 Omnibns
1329 1662 1383 1722 bis
1414 1662 1507 1722 vetat
1532 1658 1745 1722 ornamento
1774 1659 1918 1721 vestieris

283 1755 345 1817 bus
362 1757 498 1830 sanctis,
513 1758 643 1836 quando
656 1756 872 1820 tradebantur
885 1756 1029 1834 ignibus,
1046 1756 1080 1818 et
1133 1754 1191 1836 (ls.
1227 1771 1328 1831 xurx,
1364 1755 1427 1837 18).
1465 1759 1531 1820 Per
1568 1756 1681 1818 femur
1712 1755 1915 1830 intelligimus

284 1851 468 1916 bestiarum
497 1855 661 1929 dentibus
685 1855 718 1918 et
738 1855 867 1919 caeteris
892 1854 1077 1919 tormentis.
1133 1856 1266 1918 sanctos
1288 1855 1344 1933 qui
1359 1854 1525 1918 luerunia
1545 1842 1658 1932 primo
1680 1853 1813 1914 homine
1827 1869 1915 1930 usque

286 1951 349 2012 Sed
371 1955 458 2014 Deus
487 1953 577 2016 dedit
604 1954 652 2015 eis
679 1953 799 2015 nubem
821 1952 953 2030 pluviae,
981 1952 1076 2026 idest,
1133 1953 1174 2014 ad
1190 1954 1367 2016 adrentum
1377 1953 1510 2014 Christi.
1529 1953 1628 2014 Unde
1638 1951 1743 2015 Jacob
1756 1973 1764 2012 ε
1777 1953 1851 2012 Non
1863 1966 1916 2010 aa·

283 2045 495 2125 refrigerium
505 2051 645 2114 internae
660 2051 777 2128 gratiae
791 2053 827 2112 iu
844 2051 974 2113 tantum
993 2049 1079 2128 quod
1133 2051 1269 2126 seretur
1282 2051 1493 2126 sceptrama
1517 2051 1613 2112 trion
1631 2052 1726 2111 Jnda
1745 2049 1778 2110 ct
1795 2051 1862 2109 dan
1882 2051 1915 2110 de

284 2144 388 2207 tames
406 2147 478 2210 erat
496 2147 565 2208 illis
579 2148 727 2221 reiectio,
746 2149 835 2225 ignis
856 2145 1077 2224 refrigerium,
1133 2151 1264 2224 femore
1278 2151 1352 2222 ejas
1367 2148 1462 2229 (Gen.
1475 2163 1569 2221 xiix,
1585 2144 1653 2226 10).

285 2242 319 2305 et
346 2243 466 2306 caetera
487 2246 651 2323 tormenta
679 2247 776 2323 quasi
802 2243 953 2323 quaedam
970 2244 1078 2306 dulcia
1173 2246 1322 2308 Christus
1339 2262 1418 2322 ergo
1438 2245 1538 2308 habet
1557 2247 1595 2307 in
1612 2243 1820 2313 vestimento,
1842 2241 1870 2304 et
1885 2241 1913 2302 iu

282 2341 420 2418 gaudia.
435 2342 474 2404 Et
488 2343 648 2406 memoria
658 2343 721 2406 tuit
736 2343 886 2420 speciosa
899 2359 968 2422 per·
976 2343 1079 2405 multa
1134 2342 1258 2405 temore
1280 2360 1339 2406 suo
1359 2343 1537 2421 scriptum:
1554 2346 1633 2405 Reos
1656 2357 1791 2418 repam,
1807 2341 1838 2402 et
1858 2343 1915 2400 be-

285 2437 459 2511 miracula,
476 2440 523 2502 ita
538 2441 574 2503 ut
588 2440 682 2502 multi
702 2441 825 2518 pagani
847 2440 1081 2504 convorteren-
1133 2445 1249 2504 minus
1274 2442 1545 2514 dominantium,
1573 2439 1655 2518 quia
1684 2453 1797 2500 omnes
1818 2435 1913 2498 Sancti

286 2535 342 2596 tur
361 2535 402 2596 ab
424 2535 590 2611 idolatria,
604 2537 637 2600 et
651 2537 827 2599 christiani
842 2537 1082 2599 confirmaren·
1135 2538 1332 2601 confitentur
1347 2554 1421 2600 eum
1436 2553 1509 2600 esse
1522 2541 1650 2615 Regem
1665 2551 1792 2614 regum,
1814 2535 1843 2596 et
1855 2535 1912 2594 Do-

212 2657 213 2662 *
285 2631 341 2697 tur
354 2633 389 2693 in
403 2633 523 2710 gratia.
538 2633 649 2696 Nubes
659 2635 746 2697 roris
756 2635 806 2698 est
815 2635 924 2712 gratia
938 2635 1080 2712 Spiritus
1135 2635 1259 2697 minum
1297 2635 1547 2698 dominantium.
1582 2635 1706 2697 Tribus
1742 2631 1841 2694 modis
1871 2629 1911 2690 est

287 2729 410 2804 Sancti,
421 2733 499 2808 quia
510 2731 595 2793 sicut
605 2731 709 2794 nubes
718 2733 806 2794 roris
815 2733 978 2809 temperat
987 2733 1081 2793 ardo·
1135 2733 1286 2795 Christus
1314 2735 1387 2796 Rex
1413 2749 1541 2810 regum,
1570 2734 1605 2795 et
1631 2731 1792 2794 Dominus
1820 2727 1911 2789 domi-

285 2843 357 2889 rem
378 2827 533 2890 diurnum
545 2828 580 2890 in
599 2828 723 2902 herbis,
743 2829 791 2891 ita
809 2829 918 2906 gratia
939 2829 1080 2906 Spiritus
1134 2830 1296 2892 nantium.
1313 2830 1437 2900 Primo,
1458 2829 1536 2906 quia
1552 2828 1746 2890 dominatur
1758 2826 1792 2886 in
1807 2823 1910 2886 virtute

288 2925 577 3003 Sanctitemperat
589 2926 741 2988 ardorem
753 2926 1029 3004 concupiscentiae
1044 2925 1080 2988 in
1135 2942 1214 3004 sua;
1240 2927 1398 3001 secundo,
1411 2927 1488 3005 quia
1508 2927 1544 2988 in
1565 2926 1741 2988 voluntate
1760 2926 1829 3000 eJ'us
1848 2919 1912 2980 uni·

286 3022 451 3084 mentibus
473 3024 639 3086 humanis.
662 3026 709 3087 De
729 3024 792 3086 hac
812 3022 899 3086 nube
916 3023 996 3086 dicit
1015 3026 1083 3085 Do-
1135 3040 1231 3087 versa
1247 3025 1324 3087 sunt
1338 3025 1466 3102 posita3
1483 3023 1592 3098 tertio,
1601 3024 1682 3102 quia
1698 3023 1769 3099 ipse
1785 3031 1910 3080 evacua-

286 3119 397 3181 minus
408 3136 468 3198 per
477 3123 615 3184 isaiam:
629 3125 807 3189 Qaiescam
816 3123 851 3183 et
861 3124 1081 3184 considerabo
1134 3121 1183 3185 bit
1209 3137 1338 3184 omnem
1367 3121 1589 3198 principatum
1620 3123 1654 3184 et
1681 3116 1866 3198 potestatem
1886 3114 1912 3173 et

287 3218 409 3279 intoco
424 3233 500 3280 meo
520 3219 578 3300 (Is.
600 3234 698 3292 xvru,
718 3217 764 3299 4).
787 3218 879 3281 Sicut
896 3218 1081 3281 meridiana
1135 3220 1199 3282 erit
1219 3220 1310 3282 solus
1331 3219 1491 3280 Dominus
1512 3234 1612 3296 super
1635 3217 1759 3280 omnia.
1780 3211 1910 3292 lpsedo-

288 3313 349 3376 lux
360 3313 451 3376 clara
462 3317 521 3389 est,
536 3317 569 3379 et
580 3316 666 3380 sicut
675 3316 779 3378 nubes
790 3317 878 3378 roris
890 3315 925 3377 in
936 3316 989 3378 die
1000 3331 1082 3379 mes·
1135 3317 1282 3380 minatur
1294 3315 1330 3378 in
1345 3316 1468 3379 virtute
1487 3331 1559 3389 sua,
1581 3315 1663 3393 quia
1679 3330 1746 3377 non
1757 3311 1827 3388 eget
1839 3324 1909 3370 con-

287 3411 348 3485 sis,
364 3412 522 3475 Dominus
540 3414 680 3492 quiescit
695 3415 731 3477 in
749 3415 822 3477 loco
842 3430 914 3488 suo,
930 3415 1008 3492 quia
1024 3413 1083 3477 de-
1136 3391 1212 3478 silio
1226 3415 1368 3492 alicujus
1388 3413 1445 3474 aut
1463 3412 1602 3475 auxilio.
1626 3413 1697 3474 Alii
1715 3425 1794 3473 rero
1814 3420 1909 3469 onmes

286 3509 1079 3590 lectaturhabitareinanimohumihetpacitico.
1136 3529 1203 3576 non
1230 3510 1486 3574 dominabuntur
1510 3511 1547 3571 in
1573 3510 1699 3574 virtute
1724 3525 1796 3580 sua,
1821 3515 1910 3580 neque

286 3609 326 3669 Et
340 3608 391 3670 est
405 3607 452 3669 ihi
468 3609 555 3672 sicut
567 3613 763 3672 meridiana
777 3615 850 3680 iae,
864 3610 942 3688 quia
956 3609 1083 3670 illumi-
1136 3610 1350 3674 dominantur
1374 3609 1410 3670 in
1432 3609 1591 3670 aeternum
1615 3607 1704 3670 siout
1728 3608 1816 3684 ipse;
1837 3599 1908 3662 unde

287 3703 519 3782 unianimam
535 3706 662 3770 etsicut
674 3709 789 3779 nabes,
802 3707 881 3785 quia
892 3706 1080 3782 refrigerat.
1136 3707 1260 3770 David:
1289 3709 1353 3774 dai
1377 3706 1576 3768 dominatur
1601 3709 1640 3766 in
1657 3703 1788 3767 virtute
1804 3713 1862 3762 sna
1880 3697 1909 3756 til

289 3801 464 3878 Sequitur:
481 3802 514 3864 et
527 3818 602 3864 cum
616 3819 656 3866 eo
679 3802 874 3864 Sanctorum
888 3803 1005 3864 millia.
1136 3805 1308 3867 deterream
1336 3798 1403 3874 (Ps.
1431 3803 1491 3876 65,
1516 3805 1560 3882 7).
1592 3805 1630 3864 ln
1659 3798 1825 3864 voluntate
1850 3795 1908 3870 ejus
1960 3827 1961 3840 ,

329 3900 476 3970 Quatuor
497 3898 694 3962 differentiae
720 3900 891 3962 hominum
919 3901 1019 3962 erunt
1045 3899 1082 3961 in
1137 3903 1248 3964 omnia
1259 3901 1336 3963 sunt
1349 3901 1468 3978 posita,
1480 3901 1558 3978 quia
1572 3899 1654 3962 iacit
1676 3894 1828 3978 quidquid
1840 3889 1907 3958 vult,
1960 3915 1961 3922 ³

283 3994 412 4074 judicio
444 3996 514 4058 Dei.
544 3997 657 4059 Prima
690 3998 740 4060 est
774 4013 889 4060 eorum
912 3997 969 4075 qui
989 3995 1082 4075 judi·
1137 3999 1268 4078 quando
1279 3999 1352 4061 vult
1365 3998 1398 4060 et
1413 3998 1574 4076 quomodo
1589 3998 1673 4060 vult.
1689 3987 1905 4060 Undeinbbro

287 4093 410 4156 nabunt
437 4085 562 4162 cinon
576 4094 824 4173 iudicabuntur.
852 4093 1003 4156 Secunda
1033 4093 1083 4158 est
1136 4098 1284 4160 Esther:
1311 4099 1456 4160 Domine
1483 4099 1576 4158 Dens
1599 4097 1677 4157 Rea
1699 4089 1906 4165 Omnipotens,

289 4206 405 4252 eorum
440 4191 498 4269 qui
518 4191 758 4270 judicabuntur
790 4192 823 4253 et
853 4191 1080 4276 salvabuntur.
1136 4199 1174 4257 in
1203 4195 1331 4256 ditione
1350 4194 1411 4255 tna
1434 4194 1558 4254 minoto
1577 4193 1659 4254 sani
1677 4191 1790 4268 posita
1818 4180 1905 4264 (Esth.

289 4289 401 4351 Tertia
439 4289 489 4351 est
525 4305 640 4350 eorum
675 4289 730 4366 qui
767 4288 1006 4366 Judicahuntur
1050 4288 1084 4349 et
1136 4306 1210 4364 mu,
1237 4289 1283 4371 9).
1313 4290 1564 4352 Ecclesiasticus
1596 4289 1708 4351 tamen
1736 4287 1796 4348 hoc
1828 4277 1907 4342 modo
1960 4289 1961 4292 ¹

289 4383 543 4448 damnabuntur.
569 4386 692 4458 Quarta
716 4401 830 4447 eorum
853 4387 908 4464 qui
934 4400 1001 4447 non
1020 4388 1082 4464 ju·
1137 4389 1267 4452 canmt:
1282 4390 1320 4450 ln
1335 4387 1504 4451 voluntate
1518 4387 1585 4458 tua,
1609 4381 1906 4455 neminemnam
1960 4413 1961 4416 =

288 4482 487 4546 dicabuutur
500 4481 533 4545 et
548 4482 802 4545 damnabuntur.
817 4485 878 4556 Qui
886 4482 1083 4560 jndicabunt
1138 4488 1215 4549 sunt
1235 4486 1353 4563 posita.
1370 4487 1442 4562 lpse
1465 4483 1639 4547 evacuabit
1652 4491 1780 4545 omnem
1801 4471 1907 4556 priuci—

289 4579 323 4642 et
336 4597 403 4643 non
422 4580 660 4658 jndioabuniur
674 4583 751 4642 sunt
773 4595 886 4642 omnes
903 4580 1027 4653 Sancti,
1051 4582 1084 4642 et
1137 4585 1249 4662 patum
1267 4585 1300 4646 et
1318 4584 1525 4661 potestatem,
1543 4584 1575 4643 et
1590 4582 1654 4643 erit
1668 4583 1757 4643 solus
1770 4573 1905 4640 Dominus
1960 4569 1961 4572 ’

289 4692 403 4738 omnes
417 4677 566 4754 perfecti,
582 4677 831 4756 quibusdictum
846 4679 896 4739 est
911 4693 930 4739 a
943 4677 1082 4738 Domino
1137 4697 1238 4759 super
1252 4681 1383 4756 omnia;
1405 4681 1482 4758 quia
1499 4681 1534 4741 in
1548 4694 1651 4755 reguo
1664 4683 1736 4757 ejus
1750 4691 1812 4738 non
1827 4663 1906 4731 erunt

289 4773 325 4833 in
356 4776 536 4851 Evangelio
554 4797 561 4836 ε
576 4780 619 4837 In
644 4777 907 4854 regeneratione
925 4791 1003 4836 cnm
1028 4790 1084 4836 se·
1137 4793 1232 4856 reges
1257 4778 1314 4839 aut
1338 4777 1518 4854 principes,
1536 4777 1666 4854 praelati
1687 4777 1744 4838 aut
1763 4762 1902 4846 magistri,
1950 4831 1952 4834 .

288 4872 379 4930 derit
404 4875 513 4933 Filius
542 4877 690 4935 hominis
716 4876 753 4934 in
781 4875 860 4934 sede
889 4874 1083 4946 maiestatis
1137 4877 1194 4938 sed
1213 4877 1285 4953 ipse
1307 4873 1457 4934 Christus
1479 4873 1543 4935 erit
1571 4874 1681 4936 omnia
1705 4875 1740 4935 in
1763 4863 1903 4933 omnibus.

287 4981 363 5028 snoe
385 4969 543 5029 sedebitis
566 4971 600 5030 et
625 4969 685 5030 oos
705 4985 811 5044 saper
837 4973 934 5032 sedes
957 4973 1084 5032 dnode-
1138 4974 1231 5036 Unde
1254 4969 1451 5032 Zacharias:
1469 4973 1513 5031 In
1528 4973 1583 5033 die
1598 4975 1655 5033 ida
1674 4973 1741 5034 erit
1757 4965 1901 5032 harneas

289 5067 374 5133 eine,
394 5065 592 5137 indicantes
619 5069 796 5127 octodecim
830 5067 939 5128 tribus
972 5070 1083 5129 Israel
1136 5085 1237 5143 aretis,
1256 5064 1623 5144 ercinieit(zaeh.x1v,
1642 5066 1688 5149 9).

291 5157 422 5240 (Matth.
433 5175 504 5234 xix,
518 5163 630 5242 28).Et
642 5162 767 5222 isaias:
786 5165 1084 5236 bominasadja-

289 5261 595 5322 dicandamneniet
610 5260 1083 5334 ennisenibaspopaiisni,et
1158 5330 1162 5338 ¹
1502 5245 1558 5333 VI
1960 5238 1961 5316 Ῐ

285 5359 500 5437 principibus
514 5359 588 5430 ejas
600 5354 1040 5438 (ls.111,14).Judioabuntur
1050 5363 1082 5422 et
1960 5335 1961 5392 ¹

290 5453 507 5520 salvabuntur
529 5455 640 5516 caeteri
657 5456 756 5533 justi3
778 5454 896 5532 quibus
914 5453 1081 5518 dicetura

290 5551 434 5614 Christo:
451 5551 566 5613 Venite
574 5552 738 5612 benedicti
747 5551 867 5612 Patris
876 5554 945 5612 mei
952 5551 1079 5626 (Matth.
1176 5554 1274 5612 Pner
1285 5547 1450 5610 natusest
1462 5549 1566 5618 trabis,
1592 5547 1625 5609 et
1649 5550 1740 5620 sitim
1763 5529 1903 5607 datascst

1137 5419 1181 5479 IN
1208 5417 1460 5478 NhrlvlTATE
1486 5415 1647 5476 DOMINI.
1670 5446 1711 5460 -
1737 5406 1862 5476 seatio
1881 5401 1901 5458 l.

289 5649 445 5730 uuinssl).
459 5648 699 5713 iudicabuntur
710 5652 743 5712 et
753 5647 1001 5716 damnabuntur.
1011 5665 1083 5712 om·
1137 5651 1241 5721 nobis
1266 5645 1488 5708 etoocabitnr
1513 5658 1637 5708 nomen
1658 5649 1743 5719 eins,
1766 5636 1904 5706 Adrnira·
1960 5727 1961 5730 Ἴ
