3984 6292
82 325 141 388 sss
672 311 872 377 cnnconn
894 311 953 374 nn
975 311 1084 372 vrrs.
1112 354 1119 365 .
1673 313 1735 376 532

83 482 232 566 privavit
249 476 311 564 (c).
334 475 521 559 Stephanus
537 479 627 556 Papa
646 475 800 538 carolum
820 471 880 555 (b),
935 469 1105 534 domiuum
1121 471 1247 548 Pupam
1268 469 1415 534 senioris
1431 471 1734 539 Rcmaeoresncri-

84 581 198 662 Pipini
220 579 310 658 regis
333 579 480 651 fratrem,
508 567 651 654 aregno
665 572 827 652 deposuit,
849 572 884 633 et
936 568 1010 647 lego
1045 567 1335 632 excommunicare
1370 569 1531 633 instinctu
1566 569 1732 636 diabolico

84 679 243 760 Pipinum
264 679 299 740 in
321 681 394 758 ejus
420 677 493 739 loco
517 673 698 736 substituit.
722 670 881 732 Nicolaus
936 668 1231 744 praesumpserunt.
1261 667 1352 740 Quod
1368 665 1490 730 iactum
1519 669 1731 734 attendentes

84 795 217 859 quoque
226 780 395 840 Romanus
408 773 557 854 pontiien
569 767 881 847 duosimperatores
937 765 1106 842 principes
1129 764 1236 842 regui,
1253 781 1321 827 nou
1345 765 1559 830 mediocriter
1581 767 1734 832 dubitare

84 893 154 939 nno
185 876 365 952 codemque
390 874 540 950 tempore
562 866 879 940 excommunicavit3
937 862 1124 940 coeperunt,
1153 877 1198 924 an
1224 863 1606 928 excommunicationem
1626 865 1736 942 ipsam

85 974 285 1038 michaelem
319 971 476 1034 videlicet
506 969 712 1039 orientalem,
748 965 883 1043 propter
937 960 1162 1033 contemnere,
1177 976 1220 1020 au
1243 977 1317 1022 eam
1339 964 1533 1026 reverenter
1552 962 1737 1026 observare

84 1073 253 1150 ignatium
271 1068 671 1146 constantinopolitanum
692 1064 882 1142 episcopum
938 1055 1120 1138 [deberent]
1148 1079 1157 1118 t
1182 1059 1327 1120 maxime
1355 1075 1430 1120 curn
1455 1059 1490 1121 in
1515 1076 1631 1124 eorum
1660 1060 1734 1137 lege

84 1171 161 1232 sine
176 1169 304 1248 judicio
326 1171 425 1245 Papae
447 1183 467 1228 a
489 1167 567 1228 sede
582 1179 643 1226 sua
655 1164 836 1241 dejectum
851 1161 885 1224 et
937 1155 1158 1228 contineatur,
1175 1155 1211 1218 ut
1225 1156 1254 1216 si
1269 1157 1344 1234 quis
1357 1155 1445 1220 inira
1458 1173 1582 1220 aunum
1598 1161 1630 1221 et
1645 1159 1734 1222 diem

83 1267 281 1332 Lotharium
299 1264 345 1346 (c)
363 1265 612 1336 occidentalem,
628 1258 882 1340 propterGual-
938 1252 979 1314 ab
1003 1254 1358 1317 excommunicationis
1381 1255 1516 1318 vinculo
1540 1272 1609 1318 non
1633 1257 1735 1320 ruerit

85 1367 201 1429 dradm
213 1365 342 1444 pellicis
358 1379 427 1425 suae
440 1361 647 1425 societatem·
662 1361 782 1422 Beatus
795 1370 882 1436 quo·
937 1351 1128 1424 absolutus,
1153 1352 1244 1414 omni
1265 1355 1379 1414 careat
1398 1353 1570 1430 dignitatis
1594 1355 1733 1418 honore.

84 1481 152 1544 que
166 1463 371 1534 Ambrosius,
386 1477 453 1524 non
468 1463 638 1523 Romanus
648 1459 705 1520 sed
721 1456 885 1520 Mediola-
939 1449 1032 1512 Unde
1058 1450 1100 1512 ad
1127 1465 1242 1513 eorum
1270 1451 1534 1514 consolationem
1557 1453 1738 1530 prudentes

84 1562 205 1625 nensis
232 1561 400 1639 pontifex,
430 1559 613 1622 Maximum
641 1558 820 1635 tyrannum
850 1555 884 1616 et
939 1548 1086 1625 episcopi
1115 1548 1306 1628 hujusmodi
1335 1549 1499 1612 dederunt
1521 1565 1735 1628 responsum,
1763 1608 1767 1616 .
1819 1557 1820 1566 ’

83 1660 311 1723 Theodosium
333 1660 570 1737 imperatorem
587 1655 628 1718 ab
642 1654 794 1718 Ecclesia
809 1651 885 1730 pnl-
939 1646 1036 1724 quod,
1053 1646 1236 1708 secundum
1261 1647 1386 1708 statuta
1408 1650 1441 1708 et
1455 1649 1609 1726 exemplu
1633 1665 1735 1712 sanc·

83 1773 161 1820 sum
170 1755 483 1828 excommunicavit,
495 1757 533 1817 nt
543 1769 611 1816 non
620 1751 810 1828 ambiguum
819 1750 881 1810 est.
938 1746 1047 1806 torum
1058 1744 1382 1817 Petrumltomanus
1395 1745 1551 1810 Pontifex
1565 1763 1585 1808 a
1602 1747 1735 1810 nemine

84 1855 168 1928 Quis
179 1871 271 1932 ergo,
286 1848 883 1930 nisimentecaptus,ignoratregiam
933 1841 1080 1920 judicari
1107 1858 1169 1904 sen
1183 1843 1469 1904 excommunicari
1484 1843 1652 1906 ullatenus
1672 1861 1736 1922 po-

83 1955 287 2033 potestaiem
302 1951 518 2014 Pontificibus
537 1967 613 2014 esse
631 1948 837 2025 subjectamt
851 1948 884 2008 et
939 1941 1014 2004 test.
1027 1940 1105 2004 Ideo
1114 1940 1282 2018 principes
1293 1939 1358 2017 ipsi
1370 1938 1542 2020 (quoniam
1553 1941 1736 2010 secundum

85 2053 162 2132 quis
177 2051 293 2115 credat
307 2068 327 2113 a
342 2050 547 2128 subjectione
559 2045 701 2111 Romani
711 2044 883 2107 Pontinus
939 2037 1100 2100 malitiam
1128 2037 1288 2100 instantis
1307 2039 1476 2116 temporis
1504 2039 1624 2102 melius
1649 2039 1736 2105 nibil

86 2150 284 2214 sealienum
304 2165 392 2222 esse,
414 2147 550 2226 nisiqui
570 2144 781 2223 exigentibus
802 2157 885 2220 peo-
938 2133 1154 2214 inveneruut)
1181 2151 1256 2198 cum
1282 2135 1470 2214 Rodulpbc,
1496 2137 1669 2210 Guelione,
1696 2153 1738 2200 ac

85 2248 173 2311 catis
190 2248 260 2309 suis
275 2246 365 2309 inter
379 2261 458 2309 oves
474 2242 597 2308 Christi
612 2258 679 2304 non
695 2239 817 2302 meruit.
827 2255 885 2300 nn·
938 2232 1737 2314 Theodericojducibus,etaliisrnajoribusregni,

85 2344 311 2409 merariised
323 2347 393 2424 jam
407 2333 459 2406 rei
469 2342 631 2415 ordinem,
648 2354 746 2418 quem
762 2337 885 2416 incepi·
934 2333 1127 2410 iuramento
1161 2331 1354 2404 firmarunt,
1385 2333 1422 2394 ut
1449 2332 1479 2394 si
1505 2348 1567 2394 rex
1594 2332 1738 2414 consilio

85 2461 174 2517 mus,
187 2458 427 2522 prosequamur
442 2439 502 2522 (1).
939 2445 1054 2492 eorum
1081 2429 1298 2507 acquiescere
1323 2429 1446 2502 vellet,
1477 2445 1613 2508 operam
1642 2447 1738 2501 suam

940 2526 1122 2590 efficaciter
1144 2525 1352 2598 adhiberent,
1378 2528 1414 2588 ut
1438 2528 1620 2603 Gregorius
1644 2531 1738 2606 Papa

387 2657 524 2719 CAPUT
542 2657 583 2717 Π,
883 2629 885 2636 “
939 2625 1178 2687 ultramontes
1201 2623 1341 2697 veniret,
1354 2625 1424 2686 eta
1445 2623 1580 2688 vinculo
1601 2641 1738 2690 excom-

939 2721 1176 2784 municationis
1206 2737 1282 2784 eum
1308 2721 1506 2784 absolveret
1535 2723 1605 2795 Quo
1629 2722 1737 2798 iacto,

83 2839 457 2912 Hercrtctperctccctm
471 2834 774 2909 ltodmpbtctcctto,
787 2831 885 2894 trrttt
939 2836 1072 2882 rexore
1086 2820 1459 2898 proprtojuramcntum
1472 2820 1636 2896 praestitit,
1649 2821 1738 2898 qnod

227 2935 371 2997 nonanis
386 2935 547 3010 oreportr
565 2947 630 3008 pro
645 2945 743 3006 page,
803 2957 809 2970 ·
940 2918 975 2980 in
1002 2917 1147 2980 adventu
1171 2917 1280 2996 ipsius
1299 2917 1471 2980 Poulidcls
1494 2916 1620 2996 absque
1648 2918 1738 2982 malo

939 3016 1076 3092 iugenio
1091 3019 1163 3094 ejus
1179 3016 1283 3080 staret
1297 3015 1454 3082 mandato
1467 3037 1475 3076 ε
1487 3017 1520 3078 et
1531 3031 1739 3094 consequen-

125 3111 385 3176 t.1ntereaubt
409 3111 450 3174 de
464 3111 565 3188 Regis
586 3110 697 3174 banno
721 3109 763 3174 ad
785 3126 885 3174 aures
940 3117 993 3177 ter
1020 3113 1188 3193 principes
1215 3113 1337 3178 iterum
1360 3117 1562 3192 juraveruut
1587 3114 1622 3176 in
1648 3115 1739 3180 bunc

83 3213 181 3290 vulgi
196 3211 379 3290 personuit,
395 3213 485 3273 totus
496 3209 586 3272 orbis
599 3213 769 3272 Romanus
781 3209 885 3274 nimio
940 3212 1130 3286 modum,ut
1140 3212 1170 3274 si
1180 3212 1519 3290 rexquodjuraverat
1530 3212 1737 3288 observaret,

84 3313 210 3374 timore
226 3309 424 3388 perterritus
436 3323 504 3370 uon
518 3307 732 3370 mediocriter
744 3308 887 3370 vacilla-
940 3311 1006 3388 ipsi
1021 3327 1096 3372 cum
1110 3325 1150 3372 eo
1163 3310 1198 3372 in
1213 3325 1315 3372 manu
1323 3309 1436 3374 valida
1447 3310 1741 3386 proficiscerentur
1775 3327 1777 3332 ’

82 3408 292 3472 vit:1talici
317 3423 459 3484 namque
485 3405 652 3468 antistites
676 3408 710 3468 et
736 3405 886 3482 episcopi
941 3408 982 3470 ad
1009 3407 1125 3470 urbam
1152 3410 1308 3481 Romam
1334 3407 1368 3469 et
1391 3409 1527 3484 recepta
1555 3407 1739 3485 imperialis

83 3505 262 3569 Teutonici
276 3505 371 3581 regni
386 3519 487 3581 super
506 3505 600 3566 tanta
624 3503 836 3566 dissensione
850 3503 886 3564 in
941 3519 1075 3568 coronae
1088 3505 1252 3581 dignitate
1266 3521 1286 3566 a
1301 3504 1436 3570 domino
1451 3505 1613 3582 Gregorio
1634 3509 1738 3584 Papa,

85 3605 204 3683 partes
223 3619 260 3665 se
279 3603 477 3670 diviserunt,
499 3603 533 3664 et
558 3605 693 3664 auclore
714 3599 885 3673 cutberto,
941 3602 1185 3665 descenderent
1206 3617 1281 3664 cnm
1301 3601 1452 3666 exercitu
1472 3602 1509 3664 ln
1529 3603 1684 3680 Apuliam
1707 3605 1741 3670 et

85 3702 177 3780 apud
189 3702 338 3780 Papiam,
352 3701 564 3762 contumaces
574 3699 723 3776 episcopi
733 3698 889 3762 Lombar·
941 3700 1129 3764 Calabriam
1143 3700 1259 3764 contra
1273 3700 1498 3774 Normanuos,
1515 3700 1572 3779 qui
1584 3703 1665 3764 tunc
1679 3700 1741 3764 ad-

85 3801 156 3862 dim
183 3800 260 3878 pust
284 3798 415 3860 Pascha
441 3798 668 3860 convenerunt
694 3796 884 3860 inunum:
940 3798 1165 3862 versabantur
1191 3798 1393 3876 apostolica
1422 3798 1519 3875 Sedi3
1554 3801 1588 3862 et
1614 3801 1740 3864 terram

85 3899 214 3978 ibique,
236 3897 407 3963 imitantes
436 3895 590 3958 Photium
618 3895 651 3956 et
678 3895 884 3967 Dioscorum,
941 3899 1059 3976 ipsam,
1077 3897 1227 3975 expulsis
1242 3896 1458 3970 Normannis,
1474 3895 1571 3963 beato
1593 3900 1692 3962 Petro
1708 3899 1741 3965 et

127 4099 171 4177 (a)
191 4102 246 4158 tire
263 4101 344 4158 orins
362 4100 410 4155 ill
423 4099 549 4157 Leonem
570 4097 728 4156 lsnnricurn
742 4105 772 4156 et
785 4113 888 4156 omnes
940 4099 1019 4158 cario
1033 4098 1152 4168 scimus,
1166 4097 1310 4172 quodiam
1323 4097 1508 4168 monachum,
1522 4106 1607 4172 atquc
1622 4097 1658 4158 ab
1670 4099 1741 4174 Aps·

87 4116 299 4254 lconomncssps
313 4171 489 4254 anathemate
505 4169 668 4252 obstriccit,
688 4170 780 4252 inquit
793 4172 884 4254 zona·
943 4170 1011 4234 tolio
1032 4169 1288 4254 Langobardorum
1305 4183 1375 4242 rege
1397 4169 1517 4228 missum
1537 4170 1565 4226 in
1574 4171 1739 4252 franciam,

88 4261 148 4314 rus,
163 4247 190 4300 et
207 4241 355 4314 cecttpnirc
373 4257 432 4312 qna
446 4256 532 4312 usqne
550 4241 588 4296 cd
606 4241 635 4296 td
647 4245 755 4310 tenipus
769 4257 887 4312 tmperto
942 4239 978 4300 ad
998 4239 1113 4299 tratrem
1135 4239 1171 4298 ab
1185 4241 1290 4301 auxrltc
1310 4241 1396 4312 rape
1414 4237 1532 4296 serendo
1544 4239 1738 4311 alienandum,

85 4317 155 4375 inde
167 4313 209 4384 (id
232 4321 275 4371 est
300 4327 336 4370 ex
348 4311 440 4384 ltalia)
451 4311 644 4382 pendebantur
661 4311 792 4380 inhibuit,
815 4313 888 4370 inito
941 4311 1027 4386 idque
1039 4313 1115 4370 serio
1129 4317 1276 4385 agentem,
1291 4311 1365 4368 sicut
1380 4310 1617 4384 malepersuasus
1631 4309 1740 4381 ineram

81 4403 153 4447 eam
166 4385 287 4444 moncia
300 4382 457 4512 {udmcfnt
470 4381 568 4466 videre
579 4389 622 4442 est
633 4381 708 4466 apud
721 4384 886 4466 baronium,
941 4383 977 4447 de
986 4383 1133 4446 communi
1144 4382 1264 4442 consilio
1274 4382 1450 4453 rexPipinns
1460 4381 1741 4454 etPnpaStepbanus

83 4459 124 4520 ud
145 4473 193 4516 nu.
212 4456 275 4526 itt,
293 4471 322 4513 n.
342 4452 389 4527 rt)
423 4459 514 4510 asenna
527 4448 707 4524 tmpcrclcms
722 4455 885 4524 cbedmntic,
944 4456 999 4512 «in
1015 4449 1292 4517 monasterioiblcin
1304 4452 1738 4526 Franciaccllocaveruut,jnxtu

82 4533 120 4589 cb
133 4542 296 4602 perversam
309 4526 370 4598 ejns
383 4525 548 4596 opinionem.
565 4525 635 4583 Cum
651 4539 722 4598 ergo
736 4524 809 4583 Otho
825 4527 885 4583 Fri·
942 4525 969 4583 id
984 4525 1060 4599 quod
1074 4539 1106 4584 se
1117 4523 1273 4582 devoverat
1287 4523 1486 4581 monachicam
1500 4539 1515 4581 a
1539 4538 1588 4581 ere
1599 4523 1689 4582 vitam
1706 4540 1737 4582 r:

83 4598 236 4674 tingensis
247 4597 418 4670 nit:‹bego
427 4602 457 4653 et
471 4595 568 4668 relego
580 4597 773 4679 Romanorum
785 4611 886 4670 regum
942 4604 1028 4670 atque
1051 4595 1107 4654 boc
1123 4597 1306 4654 occasionem
1326 4593 1396 4652 dare
1418 4538 1622 4667 potnttfficutto
1639 4595 1738 4654 abaci·

83 4681 117 4732 et
129 4673 333 4744 imperatorum
348 4675 442 4741 gesta,
456 4673 484 4724 et
499 4680 639 4738 unusquam
653 4680 769 4725 invento
783 4681 884 4740 qnem-
942 4668 1039 4738 nundi,
1067 4667 1176 4726 nauali
1198 4665 1246 4726 nid
1258 4665 1294 4724 de
1304 4665 1484 4726 carlomanni
1496 4664 1676 4740 depositione
1689 4681 1741 4741 per

129 4757 177 4802 am
198 4755 298 4798 corum
327 4745 393 4796 ante
418 4737 495 4796 bunc
516 4737 696 4810 (llcnricum)
719 4753 734 4795 a
758 4737 887 4798 Romano
995 4683 1130 4798 eminete
1144 4682 1320 4822 ibflefflsset.

83 4759 229 4873 {gaudee
249 4810 295 4868 vel
318 4809 596 4894 excommunicatum
619 4808 668 4892 vel
681 4823 772 4892 regno
790 4811 883 4938 priva·
942 4755 1016 4884 refc)
1033 4803 1505 4891 llicconiundtturbctltcriusrec
1517 4803 1741 4891 (undebottarii

84 4893 162 4952 tum,
181 4880 375 4940 »ostendisse
398 4881 475 4954 10an
498 4879 535 4938 dc
559 4895 594 4936 us
621 4894 671 4952 qut
691 4893 719 4936 tn
734 4881 791 4938 Ooc
802 4881 888 4939 dente
941 4895 1070 4954 reanum,
1083 4885 1183 4953 postet
1198 4877 1475 4952 hotbanngntccm
1489 4885 1569 4951 putre
1583 4893 1636 4938 suc
1647 4893 1738 4952 tmpe-

85 4962 258 5030 regnarunt,
278 4967 335 5010 nou
357 4958 454 5010 autem
477 4951 513 5008 de
541 4950 886 5034 imperatoribustlracis,
942 4961 1036 5012 ratore
1058 4949 1315 5034 bothariotetilli
1339 4948 1455 5077 quidem
1481 4947 1740 5032 excommunicatio

84 5041 212 5102 quorum
222 5025 317 5098 plnres
332 5021 514 5080 anathemate
529 5021 675 5096 perculsos
685 5021 773 5080 inisse
787 5021 823 5081 cb
832 5023 887 5084 bac·
942 5017 1483 5100 sapeintentateimt,1nwudradant
1497 5027 1584 5078 etrum
1600 5035 1738 5094 persona·

85 5098 178 5157 resim
193 5099 364 5154 certnmest.
941 5095 1006 5154 liter
1027 5094 1099 5164 lata3
1115 5094 1177 5166 lpse
1201 5100 1309 5150 tarnem
1335 5105 1401 5150 enm
1423 5091 1556 5149 simulata
1571 5091 1739 5165 poenitentia

127 5169 169 5242 (d)
188 5168 289 5226 Sciens
304 5164 438 5224 Nicotaus
453 5162 529 5236 quod
540 5163 638 5234 Pipbti
652 5162 738 5222 irater
753 5165 886 5237 caroso,
941 5165 1105 5224 declinavit.
1131 5163 1265 5223 Similiter
1292 5169 1391 5222 contra
1420 5161 1592 5220 liicbaelem
1620 5163 1739 5222 Bulbum

85 5255 142 5306 sen
167 5239 261 5312 potins
272 5237 490 5318 carlomannus,
507 5235 595 5320 multo
621 5236 700 5307 prins
725 5251 811 5308 qnam
827 5239 884 5295 Sta·
943 5239 1013 5295 ultra
1030 5235 1123 5294 minas
1135 5233 1342 5310 nonprocessit
1353 5233 1488 5292 Nicotaus
1503 5233 1591 5308 Papa,
1605 5231 1739 5306 quianuo

83 5313 203 5384 plantus
217 5311 256 5366 Pa
278 5321 294 5364 a
310 5304 509 5374 incutiamus
531 5314 567 5363 stt
588 5305 746 5364 monachus
765 5307 886 5375 essunt,
941 5305 994 5366 ent
1007 5309 1104 5365 vivere
1114 5305 1208 5365 desiit.

85 5380 238 5463 Zacharia
260 5324 345 5450 Eapae
367 5391 472 5434 nomen
494 5375 540 5434 bic
566 5377 710 5460 substituit
733 5385 762 5462 et
787 5394 817 5436 re
841 5396 885 5436 ern
992 5380 1019 5452 l)
1038 5379 1081 5437 On
1116 5384 1165 5436 ent
1182 5391 1211 5434 ra
1234 5371 1740 5458 praebendoccttejustificationdc

89 5452 306 5518 Ciildertnnm;
320 5449 428 5516 volens,
444 5445 540 5532 credo,
551 5448 741 5529 chilpericum
756 5394 885 5535 tnmffigi,
942 5451 980 5508 Gr
999 5449 1081 5523 goire
1093 5393 1156 5518 itt,
1167 5392 1239 5506 relic
1251 5461 1307 5520 que
1317 5447 1456 5529 dragous
1473 5445 1617 5527 int-menne
1637 5445 1741 5504 icurnrt

88 5524 220 5583 llerovin
263 5535 324 5604 rum
336 5533 438 5592 regum
448 5519 590 5602 ultumum,
604 5533 631 5600 ru
642 5519 886 5604 culusdepostno-
942 5522 1016 5580 dans
1029 5535 1061 5580 sa
1081 5520 1162 5579 lettre
1178 5536 1185 5578 ;
1200 5517 1247 5576 Ad
1261 5519 1468 5600 Hemntummm
1482 5531 1565 5644 egram.
1582 5517 1740 5584 lletcnsem,

88 5609 159 5654 nem
174 5596 229 5652 zac
251 5605 327 5651 arras
338 5603 520 5648 consensisse
530 5587 566 5646 ab
576 5589 718 5662 aliquibus
726 5589 888 5652 dicunndd
942 5594 997 5664 Ep.
1013 5593 1095 5660 mm,
1109 5591 1136 5660 t,
1150 5588 1343 5660 enpagmer,
1357 5589 1411 5658 tl,
1428 5603 1453 5660 p.
1471 5589 1487 5646 2
1508 5585 1534 5648 9,

88 5665 313 5725 carlomannum
326 5661 400 5734 quod
410 5662 519 5729 attinet,
532 5675 567 5716 ex
576 5661 884 5721 Atrustnsiobibliotbc-
