<?xml version="1.0" encoding="UTF-8"?>
<!DOCTYPE html PUBLIC "-//W3C//DTD XHTML 1.0 Transitional//EN"
    "http://www.w3.org/TR/xhtml1/DTD/xhtml1-transitional.dtd">
<html xmlns="http://www.w3.org/1999/xhtml" xml:lang="en" lang="en">
 <head>
  <title>
</title>
<meta http-equiv="Content-Type" content="text/html;charset=utf-8" />
  <meta name='ocr-system' content='tesseract 3.04.00' />
  <meta name='ocr-capabilities' content='ocr_page ocr_carea ocr_par ocr_line ocrx_word'/>
</head>
<body>
  <div class='ocr_page' id='page_1' title='image "./mediiaevibiblio03unkngoog_0462.png"; bbox 0 0 3992 6380; ppageno 0'>
   <div class='ocr_carea' id='block_1_1' title="bbox 56 379 1698 486">
    <p class='ocr_par' dir='ltr' id='par_1_1' title="bbox 56 379 1698 486">
     <span class='ocr_line' id='line_1_1' title="bbox 56 379 1698 486; baseline -0.006 -25"><span class='ocrx_word' id='word_1_1' title='bbox 56 399 107 464; x_wconf 82' lang='lat' dir='ltr'>su</span> <span class='ocrx_word' id='word_1_2' title='bbox 525 482 527 486; x_wconf 11' lang='grc' dir='ltr'><strong><em>Δ</em></strong></span> <span class='ocrx_word' id='word_1_3' title='bbox 684 394 729 458; x_wconf 85' lang='lat' dir='ltr'>m</span> <span class='ocrx_word' id='word_1_4' title='bbox 752 395 876 458; x_wconf 78' lang='lat' dir='ltr'>emus</span> <span class='ocrx_word' id='word_1_5' title='bbox 897 379 1058 458; x_wconf 78' lang='lat' dir='ltr'>commu</span> <span class='ocrx_word' id='word_1_6' title='bbox 1636 392 1698 452; x_wconf 77' lang='lat' dir='ltr'>sla</span> 
     </span>
    </p>
   </div>
   <div class='ocr_carea' id='block_1_2' title="bbox 42 549 1711 5811">
    <p class='ocr_par' dir='ltr' id='par_1_2' title="bbox 42 549 1711 5811">
     <span class='ocr_line' id='line_1_2' title="bbox 56 549 1710 635; baseline -0.004 -17"><span class='ocrx_word' id='word_1_7' title='bbox 56 555 152 620; x_wconf 86' lang='lat' dir='ltr'>uoiiie</span> <span class='ocrx_word' id='word_1_8' title='bbox 165 567 225 622; x_wconf 89' lang='lat' dir='ltr'>cor</span> <span class='ocrx_word' id='word_1_9' title='bbox 238 565 411 630; x_wconf 81' lang='lat' dir='ltr'>opportere</span> <span class='ocrx_word' id='word_1_10' title='bbox 426 549 495 634; x_wconf 90' lang='lat' dir='ltr'>(Ps.</span> <span class='ocrx_word' id='word_1_11' title='bbox 512 551 562 628; x_wconf 77' lang='lat'>51.</span> <span class='ocrx_word' id='word_1_12' title='bbox 580 553 644 635; x_wconf 89' lang='lat'>11).</span> <span class='ocrx_word' id='word_1_13' title='bbox 664 555 843 634; x_wconf 81' lang='lat' dir='ltr'>sequitur:</span> <span class='ocrx_word' id='word_1_14' title='bbox 939 554 1115 618; x_wconf 82' lang='lat' dir='ltr'><strong>Moverunt</strong></span> <span class='ocrx_word' id='word_1_15' title='bbox 1137 567 1216 632; x_wconf 89' lang='lat' dir='ltr'>ergo</span> <span class='ocrx_word' id='word_1_16' title='bbox 1230 551 1382 614; x_wconf 87' lang='lat' dir='ltr'>homines</span> <span class='ocrx_word' id='word_1_17' title='bbox 1396 549 1507 630; x_wconf 88' lang='lat' dir='ltr'>pedes,</span> <span class='ocrx_word' id='word_1_18' title='bbox 1526 549 1622 624; x_wconf 86' lang='lat' dir='ltr'>idest,</span> <span class='ocrx_word' id='word_1_19' title='bbox 1639 565 1710 613; x_wconf 52' lang='lat' dir='ltr'>co-¹</span> 
     </span>
     <span class='ocr_line' id='line_1_3' title="bbox 55 647 1698 729; baseline -0.006 -11"><span class='ocrx_word' id='word_1_20' title='bbox 55 656 180 719; x_wconf 84' lang='lat' dir='ltr'>etcum</span> <span class='ocrx_word' id='word_1_21' title='bbox 199 652 385 726; x_wconf 67' lang='lat' dir='ltr'><strong><em>accepisset</em></strong></span> <span class='ocrx_word' id='word_1_22' title='bbox 404 652 565 725; x_wconf 77' lang='lat' dir='ltr'>linteum,</span> <span class='ocrx_word' id='word_1_23' title='bbox 586 655 775 729; x_wconf 72' lang='lat' dir='ltr'>prccauccit</span> <span class='ocrx_word' id='word_1_24' title='bbox 794 668 842 716; x_wconf 89' lang='lat' dir='ltr'>se.</span> <span class='ocrx_word' id='word_1_25' title='bbox 899 653 1076 728; x_wconf 89' lang='lat' dir='ltr'>gitatioues</span> <span class='ocrx_word' id='word_1_26' title='bbox 1091 667 1169 714; x_wconf 87' lang='lat' dir='ltr'>suas</span> <span class='ocrx_word' id='word_1_27' title='bbox 1183 651 1225 712; x_wconf 91' lang='lat' dir='ltr'>ab</span> <span class='ocrx_word' id='word_1_28' title='bbox 1239 650 1378 722; x_wconf 90' lang='lat' dir='ltr'>oriente,</span> <span class='ocrx_word' id='word_1_29' title='bbox 1401 649 1527 712; x_wconf 71' lang='lat' dir='ltr'>idest&#39;a</span> <span class='ocrx_word' id='word_1_30' title='bbox 1546 651 1625 720; x_wconf 92' lang='lat' dir='ltr'>Deo,</span> <span class='ocrx_word' id='word_1_31' title='bbox 1640 647 1698 726; x_wconf 85' lang='lat' dir='ltr'>qui</span> 
     </span>
     <span class='ocr_line' id='line_1_4' title="bbox 56 747 1697 828; baseline -0.003 -16"><span class='ocrx_word' id='word_1_32' title='bbox 56 751 133 824; x_wconf 83' lang='lat' dir='ltr'>Quia</span> <span class='ocrx_word' id='word_1_33' title='bbox 146 750 284 811; x_wconf 89' lang='lat' dir='ltr'>linteum</span> <span class='ocrx_word' id='word_1_34' title='bbox 299 749 401 811; x_wconf 89' lang='lat' dir='ltr'>multa</span> <span class='ocrx_word' id='word_1_35' title='bbox 414 749 589 825; x_wconf 83' lang='lat' dir='ltr'>significat,</span> <span class='ocrx_word' id='word_1_36' title='bbox 606 752 642 812; x_wconf 90' lang='lat' dir='ltr'>in</span> <span class='ocrx_word' id='word_1_37' title='bbox 656 752 727 828; x_wconf 89' lang='lat' dir='ltr'>ejus</span> <span class='ocrx_word' id='word_1_38' title='bbox 742 767 847 828; x_wconf 82' lang='lat' dir='ltr'>expo-</span> <span class='ocrx_word' id='word_1_39' title='bbox 900 750 1017 812; x_wconf 86' lang='lat' dir='ltr'><strong>Oriens</strong></span> <span class='ocrx_word' id='word_1_40' title='bbox 1041 750 1163 811; x_wconf 90' lang='lat' dir='ltr'>dicitur</span> <span class='ocrx_word' id='word_1_41' title='bbox 1181 765 1201 810; x_wconf 92' lang='lat' dir='ltr'>a</span> <span class='ocrx_word' id='word_1_42' title='bbox 1225 748 1385 811; x_wconf 86' lang='lat' dir='ltr'>Zacharia</span> <span class='ocrx_word' id='word_1_43' title='bbox 1413 747 1584 824; x_wconf 88' lang='lat' dir='ltr'>propheta.</span> <span class='ocrx_word' id='word_1_44' title='bbox 1610 748 1697 808; x_wconf 90' lang='lat' dir='ltr'>Per-</span> 
     </span>
     <span class='ocr_line' id='line_1_5' title="bbox 55 844 1700 926; baseline -0.002 -16"><span class='ocrx_word' id='word_1_45' title='bbox 55 850 201 910; x_wconf 89' lang='lat' dir='ltr'>sitionem</span> <span class='ocrx_word' id='word_1_46' title='bbox 237 848 372 925; x_wconf 89' lang='lat' dir='ltr'>propter</span> <span class='ocrx_word' id='word_1_47' title='bbox 405 848 630 926; x_wconf 83' lang='lat' dir='ltr'>prolixitatem</span> <span class='ocrx_word' id='word_1_48' title='bbox 667 848 769 910; x_wconf 84' lang='lat' dir='ltr'>cilicii</span> <span class='ocrx_word' id='word_1_49' title='bbox 804 848 845 910; x_wconf 90' lang='lat' dir='ltr'>ad</span> <span class='ocrx_word' id='word_1_50' title='bbox 899 863 1005 909; x_wconf 86' lang='lat' dir='ltr'>versae</span> <span class='ocrx_word' id='word_1_51' title='bbox 1020 847 1108 909; x_wconf 89' lang='lat' dir='ltr'>enim</span> <span class='ocrx_word' id='word_1_52' title='bbox 1122 847 1354 922; x_wconf 86' lang='lat' dir='ltr'>cogitationes,</span> <span class='ocrx_word' id='word_1_53' title='bbox 1364 846 1646 924; x_wconf 89' lang='lat' dir='ltr'>separantaDeo,</span> <span class='ocrx_word' id='word_1_54' title='bbox 1663 844 1700 906; x_wconf 92' lang='lat' dir='ltr'>ut</span> 
     </span>
     <span class='ocr_line' id='line_1_6' title="bbox 54 944 1702 1024; baseline -0.004 -16"><span class='ocrx_word' id='word_1_55' title='bbox 54 961 193 1024; x_wconf 85' lang='lat' dir='ltr'>praesens</span> <span class='ocrx_word' id='word_1_56' title='bbox 214 961 282 1007; x_wconf 93' lang='lat' dir='ltr'>non</span> <span class='ocrx_word' id='word_1_57' title='bbox 294 960 468 1022; x_wconf 90' lang='lat' dir='ltr'>possumus</span> <span class='ocrx_word' id='word_1_58' title='bbox 482 946 664 1008; x_wconf 88' lang='lat' dir='ltr'>immorari.</span> <span class='ocrx_word' id='word_1_59' title='bbox 899 945 947 1008; x_wconf 87' lang='lat' dir='ltr'>ait</span> <span class='ocrx_word' id='word_1_60' title='bbox 966 944 1121 1006; x_wconf 88' lang='lat' dir='ltr'>Salomon</span> <span class='ocrx_word' id='word_1_61' title='bbox 1136 965 1144 1004; x_wconf 75' lang='grc' dir='ltr'><strong>ε</strong></span> <span class='ocrx_word' id='word_1_62' title='bbox 1159 944 1204 1006; x_wconf 77' lang='lat' dir='ltr'>lit</span> <span class='ocrx_word' id='word_1_63' title='bbox 1217 945 1388 1006; x_wconf 76' lang='lat' dir='ltr'>acuerunt</span> <span class='ocrx_word' id='word_1_64' title='bbox 1399 947 1436 1004; x_wconf 81' lang='lat' dir='ltr'>in</span> <span class='ocrx_word' id='word_1_65' title='bbox 1448 958 1607 1016; x_wconf 76' lang='lat' dir='ltr'>omnnem</span> <span class='ocrx_word' id='word_1_66' title='bbox 1619 945 1702 1004; x_wconf 79' lang='lat' dir='ltr'>Seu·</span> 
     </span>
     <span class='ocr_line' id='line_1_7' title="bbox 90 1038 1702 1122; baseline -0.005 -16"><span class='ocrx_word' id='word_1_67' title='bbox 90 1045 134 1106; x_wconf 81' lang='lat' dir='ltr'>lii</span> <span class='ocrx_word' id='word_1_68' title='bbox 155 1043 251 1105; x_wconf 86' lang='lat' dir='ltr'>misit</span> <span class='ocrx_word' id='word_1_69' title='bbox 272 1047 401 1118; x_wconf 76' lang='lat' dir='ltr'>aquam</span> <span class='ocrx_word' id='word_1_70' title='bbox 415 1047 452 1104; x_wconf 84' lang='lat' dir='ltr'>iu</span> <span class='ocrx_word' id='word_1_71' title='bbox 463 1048 601 1120; x_wconf 77' lang='lat' dir='ltr'>pelvim.</span> <span class='ocrx_word' id='word_1_72' title='bbox 617 1047 711 1122; x_wconf 83' lang='lat' dir='ltr'><strong>Aqua</strong></span> <span class='ocrx_word' id='word_1_73' title='bbox 734 1044 846 1121; x_wconf 91' lang='lat' dir='ltr'>plures</span> <span class='ocrx_word' id='word_1_74' title='bbox 899 1057 1003 1114; x_wconf 83' lang='lat' dir='ltr'>ocor,</span> <span class='ocrx_word' id='word_1_75' title='bbox 1015 1041 1112 1112; x_wconf 76' lang='lat' dir='ltr'>idest,</span> <span class='ocrx_word' id='word_1_76' title='bbox 1123 1041 1238 1103; x_wconf 81' lang='lat' dir='ltr'>foetore</span> <span class='ocrx_word' id='word_1_77' title='bbox 1253 1041 1395 1102; x_wconf 85' lang='lat' dir='ltr'>luxuriae</span> <span class='ocrx_word' id='word_1_78' title='bbox 1406 1042 1439 1102; x_wconf 92' lang='lat' dir='ltr'>et</span> <span class='ocrx_word' id='word_1_79' title='bbox 1451 1041 1646 1102; x_wconf 88' lang='lat' dir='ltr'>caeterorum</span> <span class='ocrx_word' id='word_1_80' title='bbox 1654 1038 1702 1100; x_wconf 86' lang='lat' dir='ltr'>vi·</span> 
     </span>
     <span class='ocr_line' id='line_1_8' title="bbox 54 1137 1701 1219; baseline -0.004 -17"><span class='ocrx_word' id='word_1_81' title='bbox 54 1141 308 1219; x_wconf 85' lang='lat' dir='ltr'>significationes</span> <span class='ocrx_word' id='word_1_82' title='bbox 324 1140 434 1214; x_wconf 88' lang='lat' dir='ltr'>babet,</span> <span class='ocrx_word' id='word_1_83' title='bbox 451 1142 508 1203; x_wconf 90' lang='lat' dir='ltr'>sed</span> <span class='ocrx_word' id='word_1_84' title='bbox 530 1142 566 1202; x_wconf 92' lang='lat' dir='ltr'>in</span> <span class='ocrx_word' id='word_1_85' title='bbox 590 1142 652 1205; x_wconf 88' lang='lat' dir='ltr'>hoc</span> <span class='ocrx_word' id='word_1_86' title='bbox 673 1141 746 1204; x_wconf 92' lang='lat' dir='ltr'>loco</span> <span class='ocrx_word' id='word_1_87' title='bbox 760 1156 846 1219; x_wconf 85' lang='lat' dir='ltr'>aqua</span> <span class='ocrx_word' id='word_1_88' title='bbox 899 1139 1022 1202; x_wconf 92' lang='lat' dir='ltr'>tiorum</span> <span class='ocrx_word' id='word_1_89' title='bbox 1043 1155 1080 1201; x_wconf 89' lang='lat' dir='ltr'>se</span> <span class='ocrx_word' id='word_1_90' title='bbox 1101 1137 1289 1201; x_wconf 86' lang='lat' dir='ltr'>voluntarie</span> <span class='ocrx_word' id='word_1_91' title='bbox 1314 1137 1513 1216; x_wconf 77' lang='lat' dir='ltr'>polluerunt.</span> <span class='ocrx_word' id='word_1_92' title='bbox 1541 1137 1701 1198; x_wconf 88' lang='lat' dir='ltr'>Dominus</span> 
     </span>
     <span class='ocr_line' id='line_1_9' title="bbox 53 1234 1700 1317; baseline -0.004 -16"><span class='ocrx_word' id='word_1_93' title='bbox 53 1239 214 1316; x_wconf 84' lang='lat' dir='ltr'>significat</span> <span class='ocrx_word' id='word_1_94' title='bbox 226 1238 385 1317; x_wconf 78' lang='lat' dir='ltr'>Spiritum</span> <span class='ocrx_word' id='word_1_95' title='bbox 399 1240 567 1312; x_wconf 87' lang='lat' dir='ltr'>Sanctum,</span> <span class='ocrx_word' id='word_1_96' title='bbox 584 1240 671 1302; x_wconf 89' lang='lat' dir='ltr'>sicut</span> <span class='ocrx_word' id='word_1_97' title='bbox 683 1239 763 1302; x_wconf 89' lang='lat' dir='ltr'>dicit</span> <span class='ocrx_word' id='word_1_98' title='bbox 775 1242 845 1301; x_wconf 92' lang='lat' dir='ltr'>Do·</span> <span class='ocrx_word' id='word_1_99' title='bbox 900 1253 980 1314; x_wconf 87' lang='lat' dir='ltr'>ergo</span> <span class='ocrx_word' id='word_1_100' title='bbox 992 1236 1231 1314; x_wconf 87' lang='lat' dir='ltr'>discipulorum</span> <span class='ocrx_word' id='word_1_101' title='bbox 1245 1234 1344 1313; x_wconf 90' lang='lat' dir='ltr'>pedes</span> <span class='ocrx_word' id='word_1_102' title='bbox 1358 1234 1538 1311; x_wconf 73' lang='lat' dir='ltr'>lavitque</span> <span class='ocrx_word' id='word_1_103' title='bbox 1552 1234 1700 1295; x_wconf 89' lang='lat' dir='ltr'>immissa</span> 
     </span>
     <span class='ocr_line' id='line_1_10' title="bbox 53 1332 1700 1413; baseline -0.004 -15"><span class='ocrx_word' id='word_1_104' title='bbox 53 1338 156 1398; x_wconf 90' lang='lat' dir='ltr'>minus</span> <span class='ocrx_word' id='word_1_105' title='bbox 177 1337 213 1397; x_wconf 92' lang='lat' dir='ltr'>in</span> <span class='ocrx_word' id='word_1_106' title='bbox 234 1336 416 1413; x_wconf 81' lang='lat' dir='ltr'>Evangelio</span> <span class='ocrx_word' id='word_1_107' title='bbox 433 1358 441 1397; x_wconf 77' lang='grc' dir='ltr'><strong>ε</strong></span> <span class='ocrx_word' id='word_1_108' title='bbox 459 1338 698 1405; x_wconf 76' lang='lat' dir='ltr'>discreditis</span> <span class='ocrx_word' id='word_1_109' title='bbox 710 1351 767 1400; x_wconf 81' lang='lat' dir='ltr'>me</span> <span class='ocrx_word' id='word_1_110' title='bbox 779 1338 848 1409; x_wconf 57' lang='lat' dir='ltr'>tias·</span> <span class='ocrx_word' id='word_1_111' title='bbox 902 1336 1044 1412; x_wconf 85' lang='lat' dir='ltr'>spiritus</span> <span class='ocrx_word' id='word_1_112' title='bbox 1061 1334 1174 1396; x_wconf 89' lang='lat' dir='ltr'>Sancti</span> <span class='ocrx_word' id='word_1_113' title='bbox 1188 1334 1297 1411; x_wconf 86' lang='lat' dir='ltr'>gratia</span> <span class='ocrx_word' id='word_1_114' title='bbox 1311 1333 1346 1394; x_wconf 92' lang='lat' dir='ltr'>in</span> <span class='ocrx_word' id='word_1_115' title='bbox 1361 1332 1515 1395; x_wconf 82' lang='lat' dir='ltr'>cordibus</span> <span class='ocrx_word' id='word_1_116' title='bbox 1541 1332 1700 1404; x_wconf 84' lang='lat' dir='ltr'>fidelium,</span> 
     </span>
     <span class='ocr_line' id='line_1_11' title="bbox 51 1429 1704 1510; baseline -0.004 -14"><span class='ocrx_word' id='word_1_117' title='bbox 51 1438 143 1496; x_wconf 83' lang='lat' dir='ltr'>miae</span> <span class='ocrx_word' id='word_1_118' title='bbox 167 1437 209 1498; x_wconf 87' lang='lat' dir='ltr'>de</span> <span class='ocrx_word' id='word_1_119' title='bbox 236 1435 359 1496; x_wconf 82' lang='lat' dir='ltr'>oeutre</span> <span class='ocrx_word' id='word_1_120' title='bbox 391 1437 466 1508; x_wconf 70' lang='lat' dir='ltr'>eim</span> <span class='ocrx_word' id='word_1_121' title='bbox 496 1436 606 1508; x_wconf 73' lang='lat' dir='ltr'>nuent</span> <span class='ocrx_word' id='word_1_122' title='bbox 632 1451 732 1510; x_wconf 71' lang='lat' dir='ltr'>cauce</span> <span class='ocrx_word' id='word_1_123' title='bbox 757 1438 848 1496; x_wconf 77' lang='lat' dir='ltr'>oioce</span> <span class='ocrx_word' id='word_1_124' title='bbox 901 1449 967 1496; x_wconf 93' lang='lat' dir='ltr'>non</span> <span class='ocrx_word' id='word_1_125' title='bbox 983 1432 1089 1494; x_wconf 90' lang='lat' dir='ltr'>solum</span> <span class='ocrx_word' id='word_1_126' title='bbox 1104 1448 1161 1494; x_wconf 90' lang='lat' dir='ltr'>eos</span> <span class='ocrx_word' id='word_1_127' title='bbox 1176 1431 1320 1508; x_wconf 80' lang='lat' dir='ltr'>custodit</span> <span class='ocrx_word' id='word_1_128' title='bbox 1343 1446 1363 1491; x_wconf 87' lang='lat' dir='ltr'>a</span> <span class='ocrx_word' id='word_1_129' title='bbox 1384 1429 1626 1503; x_wconf 83' lang='lat' dir='ltr'>criminalibus,</span> <span class='ocrx_word' id='word_1_130' title='bbox 1642 1446 1704 1492; x_wconf 83' lang='lat' dir='ltr'>vo-</span> 
     </span>
     <span class='ocr_line' id='line_1_12' title="bbox 52 1526 1701 1611; baseline -0.005 -17"><span class='ocrx_word' id='word_1_131' title='bbox 52 1529 157 1611; x_wconf 89' lang='lat' dir='ltr'>(Joan.</span> <span class='ocrx_word' id='word_1_132' title='bbox 182 1548 245 1606; x_wconf 83' lang='lat' dir='ltr'>un,</span> <span class='ocrx_word' id='word_1_133' title='bbox 264 1531 332 1610; x_wconf 80' lang='grc'>38).</span> <span class='ocrx_word' id='word_1_134' title='bbox 347 1533 438 1604; x_wconf 86' lang='lat' dir='ltr'>Quod</span> <span class='ocrx_word' id='word_1_135' title='bbox 454 1532 676 1611; x_wconf 84' lang='lat' dir='ltr'>interpretans</span> <span class='ocrx_word' id='word_1_136' title='bbox 696 1535 848 1609; x_wconf 82' lang='lat' dir='ltr'>Euange-</span> <span class='ocrx_word' id='word_1_137' title='bbox 901 1547 974 1593; x_wconf 92' lang='lat' dir='ltr'>rum</span> <span class='ocrx_word' id='word_1_138' title='bbox 985 1530 1087 1592; x_wconf 89' lang='lat' dir='ltr'>etiam</span> <span class='ocrx_word' id='word_1_139' title='bbox 1101 1527 1432 1591; x_wconf 81' lang='lat' dir='ltr'>avenialibus-laust.</span> <span class='ocrx_word' id='word_1_140' title='bbox 1444 1526 1701 1604; x_wconf 86' lang='lat' dir='ltr'>Nobisdenique</span> 
     </span>
     <span class='ocr_line' id='line_1_13' title="bbox 52 1623 1701 1706; baseline -0.004 -16"><span class='ocrx_word' id='word_1_141' title='bbox 52 1629 124 1691; x_wconf 86' lang='lat' dir='ltr'>lisia</span> <span class='ocrx_word' id='word_1_142' title='bbox 137 1629 185 1692; x_wconf 91' lang='lat' dir='ltr'>ait</span> <span class='ocrx_word' id='word_1_143' title='bbox 200 1652 208 1691; x_wconf 92' lang='lat'>:</span> <span class='ocrx_word' id='word_1_144' title='bbox 222 1633 298 1692; x_wconf 86' lang='lat' dir='ltr'>Hoc</span> <span class='ocrx_word' id='word_1_145' title='bbox 311 1631 429 1692; x_wconf 80' lang='lat' dir='ltr'>autem</span> <span class='ocrx_word' id='word_1_146' title='bbox 442 1631 534 1693; x_wconf 69' lang='lat' dir='ltr'>dicit</span> <span class='ocrx_word' id='word_1_147' title='bbox 545 1635 586 1692; x_wconf 87' lang='lat' dir='ltr'>dc</span> <span class='ocrx_word' id='word_1_148' title='bbox 597 1632 733 1705; x_wconf 84' lang='lat' dir='ltr'>Spiritu</span> <span class='ocrx_word' id='word_1_149' title='bbox 746 1645 849 1705; x_wconf 79' lang='lat' dir='ltr'>quem</span> <span class='ocrx_word' id='word_1_150' title='bbox 901 1627 1001 1706; x_wconf 88' lang='lat' dir='ltr'>pedes</span> <span class='ocrx_word' id='word_1_151' title='bbox 1023 1628 1138 1690; x_wconf 82' lang='lat' dir='ltr'>lavare</span> <span class='ocrx_word' id='word_1_152' title='bbox 1163 1627 1224 1698; x_wconf 86' lang='lat' dir='ltr'>est,</span> <span class='ocrx_word' id='word_1_153' title='bbox 1250 1625 1361 1688; x_wconf 88' lang='lat' dir='ltr'>cordis</span> <span class='ocrx_word' id='word_1_154' title='bbox 1378 1623 1531 1696; x_wconf 81' lang='lat' dir='ltr'>affectus,</span> <span class='ocrx_word' id='word_1_155' title='bbox 1544 1639 1604 1700; x_wconf 88' lang='lat' dir='ltr'>per</span> <span class='ocrx_word' id='word_1_156' title='bbox 1619 1640 1701 1701; x_wconf 85' lang='lat' dir='ltr'>quos</span> 
     </span>
     <span class='ocr_line' id='line_1_14' title="bbox 51 1721 1703 1802; baseline -0.002 -14"><span class='ocrx_word' id='word_1_157' title='bbox 51 1727 849 1802; x_wconf 70' lang='lat' dir='ltr'>acceptiouerauicreucutesrecompenses</span> <span class='ocrx_word' id='word_1_158' title='bbox 902 1726 943 1787; x_wconf 88' lang='lat' dir='ltr'>ad</span> <span class='ocrx_word' id='word_1_159' title='bbox 958 1725 1106 1788; x_wconf 82' lang='lat' dir='ltr'>actiones</span> <span class='ocrx_word' id='word_1_160' title='bbox 1125 1723 1344 1795; x_wconf 82' lang='lat' dir='ltr'>incendimus,</span> <span class='ocrx_word' id='word_1_161' title='bbox 1368 1722 1409 1783; x_wconf 92' lang='lat' dir='ltr'>ab</span> <span class='ocrx_word' id='word_1_162' title='bbox 1433 1722 1523 1784; x_wconf 91' lang='lat' dir='ltr'>omni</span> <span class='ocrx_word' id='word_1_163' title='bbox 1545 1721 1703 1784; x_wconf 85' lang='lat' dir='ltr'>vitiorum</span> 
     </span>
     <span class='ocr_line' id='line_1_15' title="bbox 52 1821 1704 1902; baseline -0.003 -18"><span class='ocrx_word' id='word_1_164' title='bbox 52 1840 107 1884; x_wconf 83' lang='lat' dir='ltr'>ras</span> <span class='ocrx_word' id='word_1_165' title='bbox 130 1839 260 1886; x_wconf 84' lang='lat' dir='ltr'>aeneum</span> <span class='ocrx_word' id='word_1_166' title='bbox 281 1825 315 1887; x_wconf 91' lang='lat' dir='ltr'>et</span> <span class='ocrx_word' id='word_1_167' title='bbox 338 1840 505 1887; x_wconf 90' lang='lat' dir='ltr'>sonorum.</span> <span class='ocrx_word' id='word_1_168' title='bbox 530 1827 675 1889; x_wconf 80' lang='lat' dir='ltr'>vascula</span> <span class='ocrx_word' id='word_1_169' title='bbox 700 1841 790 1902; x_wconf 89' lang='lat' dir='ltr'>ergo,</span> <span class='ocrx_word' id='word_1_170' title='bbox 812 1826 848 1887; x_wconf 90' lang='lat' dir='ltr'>ut</span> <span class='ocrx_word' id='word_1_171' title='bbox 901 1825 982 1897; x_wconf 88' lang='lat' dir='ltr'>luto,</span> <span class='ocrx_word' id='word_1_172' title='bbox 992 1827 1026 1886; x_wconf 91' lang='lat' dir='ltr'>et</span> <span class='ocrx_word' id='word_1_173' title='bbox 1034 1822 1171 1902; x_wconf 88' lang='lat' dir='ltr'>pulvere</span> <span class='ocrx_word' id='word_1_174' title='bbox 1181 1822 1344 1883; x_wconf 91' lang='lat' dir='ltr'>malarum</span> <span class='ocrx_word' id='word_1_175' title='bbox 1354 1821 1592 1896; x_wconf 87' lang='lat' dir='ltr'>cogitationum</span> <span class='ocrx_word' id='word_1_176' title='bbox 1603 1835 1704 1880; x_wconf 88' lang='lat' dir='ltr'>muu-</span> 
     </span>
     <span class='ocr_line' id='line_1_16' title="bbox 52 1916 1699 1999; baseline -0.005 -17"><span class='ocrx_word' id='word_1_177' title='bbox 52 1920 128 1982; x_wconf 90' lang='lat' dir='ltr'>dicit</span> <span class='ocrx_word' id='word_1_178' title='bbox 140 1921 257 1984; x_wconf 89' lang='lat' dir='ltr'>beatus</span> <span class='ocrx_word' id='word_1_179' title='bbox 275 1923 464 1999; x_wconf 70' lang='lat' dir='ltr'>Gregorius</span> <span class='ocrx_word' id='word_1_180' title='bbox 479 1924 556 1986; x_wconf 90' lang='lat' dir='ltr'>sunt</span> <span class='ocrx_word' id='word_1_181' title='bbox 570 1923 670 1985; x_wconf 89' lang='lat' dir='ltr'>corda</span> <span class='ocrx_word' id='word_1_182' title='bbox 684 1923 798 1985; x_wconf 89' lang='lat' dir='ltr'>nostra</span> <span class='ocrx_word' id='word_1_183' title='bbox 812 1923 848 1984; x_wconf 89' lang='lat' dir='ltr'>in</span> <span class='ocrx_word' id='word_1_184' title='bbox 902 1923 993 1984; x_wconf 90' lang='lat' dir='ltr'>dare.</span> <span class='ocrx_word' id='word_1_185' title='bbox 1006 1921 1100 1984; x_wconf 92' lang='lat' dir='ltr'>Unde</span> <span class='ocrx_word' id='word_1_186' title='bbox 1113 1919 1264 1997; x_wconf 85' lang='lat' dir='ltr'>praecipit</span> <span class='ocrx_word' id='word_1_187' title='bbox 1275 1918 1434 1980; x_wconf 79' lang='lat' dir='ltr'>Dominus</span> <span class='ocrx_word' id='word_1_188' title='bbox 1448 1918 1484 1977; x_wconf 91' lang='lat' dir='ltr'>in</span> <span class='ocrx_word' id='word_1_189' title='bbox 1498 1916 1679 1993; x_wconf 82' lang='lat' dir='ltr'>Evangelio</span> <span class='ocrx_word' id='word_1_190' title='bbox 1691 1933 1699 1973; x_wconf 75' lang='grc' dir='ltr'><strong><em>ε</em></strong></span> 
     </span>
     <span class='ocr_line' id='line_1_17' title="bbox 51 2013 1701 2096; baseline -0.001 -20"><span class='ocrx_word' id='word_1_191' title='bbox 51 2016 166 2094; x_wconf 83' lang='lat' dir='ltr'>quibus</span> <span class='ocrx_word' id='word_1_192' title='bbox 181 2015 318 2078; x_wconf 85' lang='lat' dir='ltr'>ferimus</span> <span class='ocrx_word' id='word_1_193' title='bbox 336 2019 454 2080; x_wconf 88' lang='lat' dir='ltr'>cuncta</span> <span class='ocrx_word' id='word_1_194' title='bbox 469 2034 543 2095; x_wconf 85' lang='lat' dir='ltr'>quae</span> <span class='ocrx_word' id='word_1_195' title='bbox 558 2019 751 2096; x_wconf 88' lang='lat' dir='ltr'>cogitamus.</span> <span class='ocrx_word' id='word_1_196' title='bbox 769 2020 848 2088; x_wconf 85' lang='lat' dir='ltr'>Qnae</span> <span class='ocrx_word' id='word_1_197' title='bbox 901 2020 1065 2082; x_wconf 68' lang='lat' dir='ltr'>discutite</span> <span class='ocrx_word' id='word_1_198' title='bbox 1068 2020 1297 2093; x_wconf 67' lang='lat' dir='ltr'>prdamemde</span> <span class='ocrx_word' id='word_1_199' title='bbox 1300 2013 1701 2093; x_wconf 68' lang='lat' dir='ltr'>pedibusoestrisfflarc.</span> 
     </span>
     <span class='ocr_line' id='line_1_18' title="bbox 52 2111 1704 2196; baseline -0.001 -22"><span class='ocrx_word' id='word_1_200' title='bbox 52 2114 204 2178; x_wconf 89' lang='lat' dir='ltr'>videlicet</span> <span class='ocrx_word' id='word_1_201' title='bbox 230 2115 331 2177; x_wconf 90' lang='lat' dir='ltr'>corda</span> <span class='ocrx_word' id='word_1_202' title='bbox 356 2116 452 2192; x_wconf 87' lang='lat' dir='ltr'>quasi</span> <span class='ocrx_word' id='word_1_203' title='bbox 480 2117 592 2193; x_wconf 81' lang='lat' dir='ltr'>pelves</span> <span class='ocrx_word' id='word_1_204' title='bbox 621 2132 694 2178; x_wconf 89' lang='lat' dir='ltr'>esse</span> <span class='ocrx_word' id='word_1_205' title='bbox 716 2115 845 2188; x_wconf 88' lang='lat' dir='ltr'>debent,</span> <span class='ocrx_word' id='word_1_206' title='bbox 901 2133 948 2190; x_wconf 82' lang='lat' dir='ltr'>vr,</span> <span class='ocrx_word' id='word_1_207' title='bbox 973 2115 1142 2196; x_wconf 86' lang='lat' dir='ltr'>11),idest,</span> <span class='ocrx_word' id='word_1_208' title='bbox 1159 2114 1315 2176; x_wconf 89' lang='lat' dir='ltr'>mundate</span> <span class='ocrx_word' id='word_1_209' title='bbox 1329 2113 1429 2174; x_wconf 89' lang='lat' dir='ltr'>corda</span> <span class='ocrx_word' id='word_1_210' title='bbox 1449 2113 1561 2175; x_wconf 82' lang='lat' dir='ltr'>restra</span> <span class='ocrx_word' id='word_1_211' title='bbox 1576 2129 1597 2174; x_wconf 87' lang='lat' dir='ltr'>a</span> <span class='ocrx_word' id='word_1_212' title='bbox 1611 2111 1704 2190; x_wconf 87' lang='lat' dir='ltr'>cogi-</span> 
     </span>
     <span class='ocr_line' id='line_1_19' title="bbox 52 2211 1206 2284; baseline 0.002 -12"><span class='ocrx_word' id='word_1_213' title='bbox 52 2211 147 2284; x_wconf 87' lang='lat' dir='ltr'>idest,</span> <span class='ocrx_word' id='word_1_214' title='bbox 166 2228 261 2274; x_wconf 85' lang='lat' dir='ltr'>aenea</span> <span class='ocrx_word' id='word_1_215' title='bbox 276 2213 398 2275; x_wconf 87' lang='lat' dir='ltr'>duritie</span> <span class='ocrx_word' id='word_1_216' title='bbox 422 2215 455 2275; x_wconf 91' lang='lat' dir='ltr'>et</span> <span class='ocrx_word' id='word_1_217' title='bbox 477 2213 664 2275; x_wconf 82' lang='lat' dir='ltr'>infiexibili.</span> <span class='ocrx_word' id='word_1_218' title='bbox 687 2215 772 2276; x_wconf 88' lang='lat' dir='ltr'>Nam</span> <span class='ocrx_word' id='word_1_219' title='bbox 787 2229 848 2275; x_wconf 90' lang='lat' dir='ltr'>nec</span> <span class='ocrx_word' id='word_1_220' title='bbox 902 2214 1083 2279; x_wconf 87' lang='lat' dir='ltr'>tationibus</span> <span class='ocrx_word' id='word_1_221' title='bbox 1099 2213 1206 2274; x_wconf 89' lang='lat' dir='ltr'>malis.</span> 
     </span>
     <span class='ocr_line' id='line_1_20' title="bbox 51 2308 1704 2389; baseline -0.001 -19"><span class='ocrx_word' id='word_1_222' title='bbox 51 2309 188 2372; x_wconf 85' lang='lat' dir='ltr'>adversa</span> <span class='ocrx_word' id='word_1_223' title='bbox 214 2309 334 2373; x_wconf 89' lang='lat' dir='ltr'>debent</span> <span class='ocrx_word' id='word_1_224' title='bbox 351 2327 412 2372; x_wconf 87' lang='lat' dir='ltr'>nos</span> <span class='ocrx_word' id='word_1_225' title='bbox 430 2309 597 2388; x_wconf 81' lang='lat' dir='ltr'>frangere,</span> <span class='ocrx_word' id='word_1_226' title='bbox 613 2327 675 2374; x_wconf 89' lang='lat' dir='ltr'>nec</span> <span class='ocrx_word' id='word_1_227' title='bbox 690 2325 848 2389; x_wconf 87' lang='lat' dir='ltr'>prospera</span> <span class='ocrx_word' id='word_1_228' title='bbox 917 2333 924 2344; x_wconf 91' lang='lat'><strong>·</strong></span> <span class='ocrx_word' id='word_1_229' title='bbox 943 2315 1010 2376; x_wconf 85' lang='lat' dir='ltr'>Ista</span> <span class='ocrx_word' id='word_1_230' title='bbox 1025 2313 1096 2374; x_wconf 90' lang='lat' dir='ltr'>dies</span> <span class='ocrx_word' id='word_1_231' title='bbox 1110 2312 1253 2389; x_wconf 86' lang='lat' dir='ltr'>quatuor</span> <span class='ocrx_word' id='word_1_232' title='bbox 1273 2309 1498 2373; x_wconf 81' lang='lat' dir='ltr'>sacramentis</span> <span class='ocrx_word' id='word_1_233' title='bbox 1517 2308 1704 2370; x_wconf 89' lang='lat' dir='ltr'>decoratur.</span> 
     </span>
     <span class='ocr_line' id='line_1_21' title="bbox 52 2406 1706 2486; baseline -0.001 -18"><span class='ocrx_word' id='word_1_234' title='bbox 52 2406 193 2468; x_wconf 87' lang='lat' dir='ltr'>elevare.</span> <span class='ocrx_word' id='word_1_235' title='bbox 224 2408 317 2470; x_wconf 90' lang='lat' dir='ltr'>Unde</span> <span class='ocrx_word' id='word_1_236' title='bbox 345 2408 499 2470; x_wconf 88' lang='lat' dir='ltr'>admonet</span> <span class='ocrx_word' id='word_1_237' title='bbox 530 2409 628 2486; x_wconf 90' lang='lat' dir='ltr'>poeta</span> <span class='ocrx_word' id='word_1_238' title='bbox 653 2409 787 2471; x_wconf 86' lang='lat' dir='ltr'>dicens:</span> <span class='ocrx_word' id='word_1_239' title='bbox 813 2411 848 2471; x_wconf 84' lang='lat' dir='ltr'>Si</span> <span class='ocrx_word' id='word_1_240' title='bbox 903 2412 1051 2473; x_wconf 90' lang='lat' dir='ltr'>Primum</span> <span class='ocrx_word' id='word_1_241' title='bbox 1076 2410 1126 2471; x_wconf 88' lang='lat' dir='ltr'>est</span> <span class='ocrx_word' id='word_1_242' title='bbox 1148 2407 1377 2470; x_wconf 88' lang='lat' dir='ltr'>reconciliatio</span> <span class='ocrx_word' id='word_1_243' title='bbox 1393 2406 1633 2484; x_wconf 85' lang='lat' dir='ltr'>poenitentium,</span> <span class='ocrx_word' id='word_1_244' title='bbox 1651 2421 1706 2467; x_wconf 91' lang='lat' dir='ltr'>se-</span> 
     </span>
     <span class='ocr_line' id='line_1_22' title="bbox 52 2503 1708 2584; baseline 0 -19"><span class='ocrx_word' id='word_1_245' title='bbox 52 2505 129 2566; x_wconf 83' lang='lat' dir='ltr'>vitia</span> <span class='ocrx_word' id='word_1_246' title='bbox 146 2505 309 2578; x_wconf 88' lang='lat' dir='ltr'>alliciant,</span> <span class='ocrx_word' id='word_1_247' title='bbox 326 2505 362 2568; x_wconf 89' lang='lat' dir='ltr'>tu</span> <span class='ocrx_word' id='word_1_248' title='bbox 386 2507 492 2584; x_wconf 87' lang='lat' dir='ltr'>magis</span> <span class='ocrx_word' id='word_1_249' title='bbox 512 2523 619 2568; x_wconf 84' lang='lat' dir='ltr'>aereus</span> <span class='ocrx_word' id='word_1_250' title='bbox 641 2512 700 2569; x_wconf 91' lang='lat' dir='ltr'>est.</span> <span class='ocrx_word' id='word_1_251' title='bbox 723 2506 850 2569; x_wconf 86' lang='lat' dir='ltr'>Debent</span> <span class='ocrx_word' id='word_1_252' title='bbox 904 2509 1069 2576; x_wconf 86' lang='lat' dir='ltr'>cundum,</span> <span class='ocrx_word' id='word_1_253' title='bbox 1098 2505 1180 2568; x_wconf 88' lang='lat' dir='ltr'>novi</span> <span class='ocrx_word' id='word_1_254' title='bbox 1218 2505 1421 2567; x_wconf 86' lang='lat' dir='ltr'>Testamenti</span> <span class='ocrx_word' id='word_1_255' title='bbox 1462 2503 1647 2575; x_wconf 88' lang='lat' dir='ltr'>inchoatio,</span> <span class='ocrx_word' id='word_1_256' title='bbox 1675 2506 1708 2565; x_wconf 90' lang='lat' dir='ltr'>et</span> 
     </span>
     <span class='ocr_line' id='line_1_23' title="bbox 50 2601 1707 2682; baseline -0.001 -20"><span class='ocrx_word' id='word_1_257' title='bbox 50 2601 145 2663; x_wconf 86' lang='lat' dir='ltr'>etiam</span> <span class='ocrx_word' id='word_1_258' title='bbox 178 2619 250 2664; x_wconf 87' lang='lat' dir='ltr'>esse</span> <span class='ocrx_word' id='word_1_259' title='bbox 276 2619 409 2676; x_wconf 89' lang='lat' dir='ltr'>sonora,</span> <span class='ocrx_word' id='word_1_260' title='bbox 435 2607 471 2666; x_wconf 88' lang='lat' dir='ltr'>ut</span> <span class='ocrx_word' id='word_1_261' title='bbox 495 2604 581 2666; x_wconf 91' lang='lat' dir='ltr'>bona</span> <span class='ocrx_word' id='word_1_262' title='bbox 607 2621 681 2682; x_wconf 89' lang='lat' dir='ltr'>quas</span> <span class='ocrx_word' id='word_1_263' title='bbox 703 2605 850 2668; x_wconf 89' lang='lat' dir='ltr'>sentiunt</span> <span class='ocrx_word' id='word_1_264' title='bbox 902 2607 1024 2670; x_wconf 84' lang='lat' dir='ltr'>ueteris</span> <span class='ocrx_word' id='word_1_265' title='bbox 1058 2603 1319 2676; x_wconf 86' lang='lat' dir='ltr'>consummatio,</span> <span class='ocrx_word' id='word_1_266' title='bbox 1347 2601 1481 2664; x_wconf 89' lang='lat' dir='ltr'>tertium</span> <span class='ocrx_word' id='word_1_267' title='bbox 1511 2605 1562 2664; x_wconf 88' lang='lat' dir='ltr'>est</span> <span class='ocrx_word' id='word_1_268' title='bbox 1592 2601 1707 2662; x_wconf 82' lang='lat' dir='ltr'>curis-</span> 
     </span>
     <span class='ocr_line' id='line_1_24' title="bbox 52 2698 1706 2782; baseline 0.001 -23"><span class='ocrx_word' id='word_1_269' title='bbox 52 2699 212 2775; x_wconf 83' lang='lat' dir='ltr'>proximis</span> <span class='ocrx_word' id='word_1_270' title='bbox 248 2700 460 2779; x_wconf 86' lang='lat' dir='ltr'>eloquantur,</span> <span class='ocrx_word' id='word_1_271' title='bbox 485 2702 615 2765; x_wconf 89' lang='lat' dir='ltr'>dicente</span> <span class='ocrx_word' id='word_1_272' title='bbox 647 2703 785 2765; x_wconf 89' lang='lat' dir='ltr'>Domino</span> <span class='ocrx_word' id='word_1_273' title='bbox 814 2703 849 2764; x_wconf 89' lang='lat' dir='ltr'>in</span> <span class='ocrx_word' id='word_1_274' title='bbox 904 2705 1002 2768; x_wconf 87' lang='lat' dir='ltr'>metis</span> <span class='ocrx_word' id='word_1_275' title='bbox 1024 2701 1241 2774; x_wconf 90' lang='lat' dir='ltr'>consecratio,</span> <span class='ocrx_word' id='word_1_276' title='bbox 1265 2701 1419 2782; x_wconf 85' lang='lat' dir='ltr'>quartum</span> <span class='ocrx_word' id='word_1_277' title='bbox 1441 2700 1491 2760; x_wconf 89' lang='lat' dir='ltr'>est</span> <span class='ocrx_word' id='word_1_278' title='bbox 1513 2698 1706 2760; x_wconf 88' lang='lat' dir='ltr'>mandatum</span> 
     </span>
     <span class='ocr_line' id='line_1_25' title="bbox 51 2795 1708 2882; baseline 0 -25"><span class='ocrx_word' id='word_1_279' title='bbox 51 2798 229 2874; x_wconf 82' lang='lat' dir='ltr'>Evangelio</span> <span class='ocrx_word' id='word_1_280' title='bbox 258 2820 266 2859; x_wconf 72' lang='grc' dir='ltr'><strong><em>ι</em></strong></span> <span class='ocrx_word' id='word_1_281' title='bbox 298 2802 380 2866; x_wconf 78' lang='lat' dir='ltr'>aaa</span> <span class='ocrx_word' id='word_1_282' title='bbox 395 2795 481 2862; x_wconf 82' lang='lat' dir='ltr'>&#39;dico</span> <span class='ocrx_word' id='word_1_283' title='bbox 505 2803 599 2863; x_wconf 80' lang='lat' dir='ltr'>vobis</span> <span class='ocrx_word' id='word_1_284' title='bbox 624 2804 662 2862; x_wconf 83' lang='lat' dir='ltr'>iu</span> <span class='ocrx_word' id='word_1_285' title='bbox 687 2802 847 2872; x_wconf 80' lang='lat' dir='ltr'>tenebris,</span> <span class='ocrx_word' id='word_1_286' title='bbox 903 2817 1098 2882; x_wconf 91' lang='lat' dir='ltr'>pauperum,</span> <span class='ocrx_word' id='word_1_287' title='bbox 1117 2799 1203 2878; x_wconf 89' lang='lat' dir='ltr'>quod</span> <span class='ocrx_word' id='word_1_288' title='bbox 1223 2800 1259 2860; x_wconf 91' lang='lat' dir='ltr'>in</span> <span class='ocrx_word' id='word_1_289' title='bbox 1279 2797 1407 2860; x_wconf 89' lang='lat' dir='ltr'>duobus</span> <span class='ocrx_word' id='word_1_290' title='bbox 1427 2797 1588 2869; x_wconf 88' lang='lat' dir='ltr'>consistit,</span> <span class='ocrx_word' id='word_1_291' title='bbox 1611 2796 1708 2857; x_wconf 87' lang='lat' dir='ltr'>uide-</span> 
     </span>
     <span class='ocr_line' id='line_1_26' title="bbox 50 2893 1706 2976; baseline 0 -22"><span class='ocrx_word' id='word_1_292' title='bbox 50 2896 147 2957; x_wconf 85' lang='lat' dir='ltr'>dicite</span> <span class='ocrx_word' id='word_1_293' title='bbox 173 2899 210 2956; x_wconf 83' lang='lat' dir='ltr'>iu</span> <span class='ocrx_word' id='word_1_294' title='bbox 230 2900 360 2960; x_wconf 82' lang='lat' dir='ltr'>iumine</span> <span class='ocrx_word' id='word_1_295' title='bbox 384 2895 514 2976; x_wconf 88' lang='lat' dir='ltr'>(Matth.</span> <span class='ocrx_word' id='word_1_296' title='bbox 530 2914 565 2972; x_wconf 84' lang='lat' dir='ltr'>x,</span> <span class='ocrx_word' id='word_1_297' title='bbox 580 2895 645 2976; x_wconf 79' lang='lat'>27),</span> <span class='ocrx_word' id='word_1_298' title='bbox 663 2898 759 2970; x_wconf 90' lang='lat' dir='ltr'>idest,</span> <span class='ocrx_word' id='word_1_299' title='bbox 776 2915 849 2976; x_wconf 81' lang='lat' dir='ltr'>quae</span> <span class='ocrx_word' id='word_1_300' title='bbox 904 2903 993 2970; x_wconf 89' lang='lat' dir='ltr'>licet,</span> <span class='ocrx_word' id='word_1_301' title='bbox 1008 2901 1043 2962; x_wconf 92' lang='lat' dir='ltr'>in</span> <span class='ocrx_word' id='word_1_302' title='bbox 1068 2897 1240 2960; x_wconf 91' lang='lat' dir='ltr'>ablutione</span> <span class='ocrx_word' id='word_1_303' title='bbox 1265 2896 1385 2974; x_wconf 90' lang='lat' dir='ltr'>pedum</span> <span class='ocrx_word' id='word_1_304' title='bbox 1408 2896 1442 2958; x_wconf 90' lang='lat' dir='ltr'>et</span> <span class='ocrx_word' id='word_1_305' title='bbox 1465 2894 1499 2955; x_wconf 93' lang='lat' dir='ltr'>in</span> <span class='ocrx_word' id='word_1_306' title='bbox 1524 2893 1706 2956; x_wconf 86' lang='lat' dir='ltr'>relectione</span> 
     </span>
     <span class='ocr_line' id='line_1_27' title="bbox 52 2991 1706 3072; baseline 0.002 -21"><span class='ocrx_word' id='word_1_307' title='bbox 52 2991 141 3053; x_wconf 86' lang='lat' dir='ltr'>vohis</span> <span class='ocrx_word' id='word_1_308' title='bbox 166 2994 296 3055; x_wconf 88' lang='lat' dir='ltr'>occulta</span> <span class='ocrx_word' id='word_1_309' title='bbox 316 2994 535 3071; x_wconf 89' lang='lat' dir='ltr'>inspiratione</span> <span class='ocrx_word' id='word_1_310' title='bbox 560 3010 788 3072; x_wconf 65' lang='lat' dir='ltr'>suggereres</span> <span class='ocrx_word' id='word_1_311' title='bbox 810 3012 849 3058; x_wconf 89' lang='lat' dir='ltr'>ea</span> <span class='ocrx_word' id='word_1_312' title='bbox 904 2999 1064 3061; x_wconf 89' lang='lat' dir='ltr'>ciborum.</span> <span class='ocrx_word' id='word_1_313' title='bbox 1087 2995 1290 3058; x_wconf 87' lang='lat' dir='ltr'>Poenitentes</span> <span class='ocrx_word' id='word_1_314' title='bbox 1303 2994 1403 3066; x_wconf 89' lang='lat' dir='ltr'>enim,</span> <span class='ocrx_word' id='word_1_315' title='bbox 1418 2991 1574 3070; x_wconf 82' lang='lat' dir='ltr'>quiteria</span> <span class='ocrx_word' id='word_1_316' title='bbox 1588 2993 1706 3068; x_wconf 88' lang='lat' dir='ltr'>quarta</span> 
     </span>
     <span class='ocr_line' id='line_1_28' title="bbox 51 3087 1705 3175; baseline 0.001 -26"><span class='ocrx_word' id='word_1_317' title='bbox 51 3087 208 3151; x_wconf 82' lang='lat' dir='ltr'>tratribus</span> <span class='ocrx_word' id='word_1_318' title='bbox 230 3090 418 3168; x_wconf 88' lang='lat' dir='ltr'>praedicate.</span> <span class='ocrx_word' id='word_1_319' title='bbox 442 3097 569 3170; x_wconf 84' lang='lat' dir='ltr'>Aquam</span> <span class='ocrx_word' id='word_1_320' title='bbox 590 3108 670 3168; x_wconf 89' lang='lat' dir='ltr'>ergo</span> <span class='ocrx_word' id='word_1_321' title='bbox 691 3094 849 3155; x_wconf 89' lang='lat' dir='ltr'>Dominus</span> <span class='ocrx_word' id='word_1_322' title='bbox 904 3097 1011 3175; x_wconf 89' lang='lat' dir='ltr'>capite</span> <span class='ocrx_word' id='word_1_323' title='bbox 1037 3095 1158 3174; x_wconf 86' lang='lat' dir='ltr'>jejunii</span> <span class='ocrx_word' id='word_1_324' title='bbox 1194 3092 1291 3171; x_wconf 88' lang='lat' dir='ltr'>ejecti</span> <span class='ocrx_word' id='word_1_325' title='bbox 1321 3091 1456 3152; x_wconf 79' lang='lat' dir='ltr'>fuerunt</span> <span class='ocrx_word' id='word_1_326' title='bbox 1479 3090 1520 3151; x_wconf 92' lang='lat' dir='ltr'>ab</span> <span class='ocrx_word' id='word_1_327' title='bbox 1543 3089 1705 3161; x_wconf 85' lang='lat' dir='ltr'>Ecclesia,</span> 
     </span>
     <span class='ocr_line' id='line_1_29' title="bbox 52 3185 1707 3266; baseline 0.002 -22"><span class='ocrx_word' id='word_1_328' title='bbox 52 3185 85 3246; x_wconf 89' lang='lat' dir='ltr'>in</span> <span class='ocrx_word' id='word_1_329' title='bbox 99 3187 222 3264; x_wconf 78' lang='lat' dir='ltr'>pelvim</span> <span class='ocrx_word' id='word_1_330' title='bbox 240 3189 340 3262; x_wconf 88' lang='lat' dir='ltr'>misit,</span> <span class='ocrx_word' id='word_1_331' title='bbox 358 3190 435 3266; x_wconf 90' lang='lat' dir='ltr'>quia</span> <span class='ocrx_word' id='word_1_332' title='bbox 459 3190 559 3252; x_wconf 90' lang='lat' dir='ltr'>corda</span> <span class='ocrx_word' id='word_1_333' title='bbox 574 3191 721 3254; x_wconf 86' lang='lat' dir='ltr'>fidelium</span> <span class='ocrx_word' id='word_1_334' title='bbox 737 3193 850 3254; x_wconf 87' lang='lat' dir='ltr'>Sancti</span> <span class='ocrx_word' id='word_1_335' title='bbox 903 3195 1002 3257; x_wconf 87' lang='lat' dir='ltr'>bodie</span> <span class='ocrx_word' id='word_1_336' title='bbox 1012 3191 1271 3255; x_wconf 89' lang='lat' dir='ltr'>reconciliantur</span> <span class='ocrx_word' id='word_1_337' title='bbox 1278 3190 1310 3252; x_wconf 92' lang='lat' dir='ltr'>et</span> <span class='ocrx_word' id='word_1_338' title='bbox 1320 3187 1546 3251; x_wconf 88' lang='lat' dir='ltr'>communioni</span> <span class='ocrx_word' id='word_1_339' title='bbox 1558 3188 1707 3250; x_wconf 87' lang='lat' dir='ltr'>fidelium</span> 
     </span>
     <span class='ocr_line' id='line_1_30' title="bbox 50 3285 1707 3370; baseline 0.001 -25"><span class='ocrx_word' id='word_1_340' title='bbox 50 3285 192 3361; x_wconf 85' lang='lat' dir='ltr'>Spiritus</span> <span class='ocrx_word' id='word_1_341' title='bbox 222 3287 331 3362; x_wconf 88' lang='lat' dir='ltr'>gratia</span> <span class='ocrx_word' id='word_1_342' title='bbox 354 3288 506 3364; x_wconf 84' lang='lat' dir='ltr'>repleuit</span> <span class='ocrx_word' id='word_1_343' title='bbox 533 3289 628 3350; x_wconf 90' lang='lat' dir='ltr'>Unde</span> <span class='ocrx_word' id='word_1_344' title='bbox 647 3291 847 3366; x_wconf 77' lang='lat' dir='ltr'>Apostolusz</span> <span class='ocrx_word' id='word_1_345' title='bbox 904 3287 1583 3370; x_wconf 70' lang='lat' dir='ltr'>socienturibominusenimnosteriesus</span> <span class='ocrx_word' id='word_1_346' title='bbox 1597 3285 1707 3346; x_wconf 82' lang='lat' dir='ltr'>Chris·</span> 
     </span>
     <span class='ocr_line' id='line_1_31' title="bbox 48 3383 1706 3459; baseline 0 -15"><span class='ocrx_word' id='word_1_347' title='bbox 48 3384 142 3445; x_wconf 81' lang='lat' dir='ltr'>Misit</span> <span class='ocrx_word' id='word_1_348' title='bbox 163 3387 333 3446; x_wconf 80' lang='lat' dir='ltr'>Dominus</span> <span class='ocrx_word' id='word_1_349' title='bbox 346 3387 518 3459; x_wconf 79' lang='lat' dir='ltr'>spirirum</span> <span class='ocrx_word' id='word_1_350' title='bbox 531 3389 611 3448; x_wconf 79' lang='lat' dir='ltr'>Filii</span> <span class='ocrx_word' id='word_1_351' title='bbox 624 3390 680 3449; x_wconf 78' lang='lat' dir='ltr'>sut</span> <span class='ocrx_word' id='word_1_352' title='bbox 694 3391 731 3448; x_wconf 83' lang='lat' dir='ltr'>iri</span> <span class='ocrx_word' id='word_1_353' title='bbox 744 3391 850 3452; x_wconf 80' lang='lat' dir='ltr'>corda</span> <span class='ocrx_word' id='word_1_354' title='bbox 903 3392 957 3453; x_wconf 92' lang='lat' dir='ltr'>tus</span> <span class='ocrx_word' id='word_1_355' title='bbox 969 3388 1134 3452; x_wconf 88' lang='lat' dir='ltr'>celebrato</span> <span class='ocrx_word' id='word_1_356' title='bbox 1148 3388 1363 3448; x_wconf 75' lang='lat' dir='ltr'>sacramento</span> <span class='ocrx_word' id='word_1_357' title='bbox 1373 3384 1512 3446; x_wconf 84' lang='lat' dir='ltr'>Paschae</span> <span class='ocrx_word' id='word_1_358' title='bbox 1523 3384 1657 3454; x_wconf 82' lang='lat' dir='ltr'>veteris,</span> <span class='ocrx_word' id='word_1_359' title='bbox 1670 3383 1706 3444; x_wconf 85' lang='lat' dir='ltr'>in</span> 
     </span>
     <span class='ocr_line' id='line_1_32' title="bbox 47 3479 1708 3561; baseline 0.002 -22"><span class='ocrx_word' id='word_1_360' title='bbox 47 3479 426 3561; x_wconf 76' lang='lat' dir='ltr'>nostratdalat.1v,6).</span> <span class='ocrx_word' id='word_1_361' title='bbox 442 3486 480 3545; x_wconf 90' lang='lat' dir='ltr'>ln</span> <span class='ocrx_word' id='word_1_362' title='bbox 494 3483 617 3561; x_wconf 77' lang='lat' dir='ltr'>pelvim</span> <span class='ocrx_word' id='word_1_363' title='bbox 629 3485 739 3546; x_wconf 88' lang='lat' dir='ltr'>autem</span> <span class='ocrx_word' id='word_1_364' title='bbox 753 3485 849 3546; x_wconf 90' lang='lat' dir='ltr'>nobis</span> <span class='ocrx_word' id='word_1_365' title='bbox 904 3487 1106 3552; x_wconf 85' lang='lat' dir='ltr'>comestione</span> <span class='ocrx_word' id='word_1_366' title='bbox 1136 3485 1215 3561; x_wconf 86' lang='lat' dir='ltr'>agni</span> <span class='ocrx_word' id='word_1_367' title='bbox 1235 3483 1423 3550; x_wconf 88' lang='lat' dir='ltr'>Paschalis,</span> <span class='ocrx_word' id='word_1_368' title='bbox 1440 3497 1562 3543; x_wconf 87' lang='lat' dir='ltr'>novum</span> <span class='ocrx_word' id='word_1_369' title='bbox 1590 3481 1708 3542; x_wconf 86' lang='lat' dir='ltr'>Testa-</span> 
     </span>
     <span class='ocr_line' id='line_1_33' title="bbox 47 3579 1706 3660; baseline 0.002 -24"><span class='ocrx_word' id='word_1_370' title='bbox 47 3591 169 3654; x_wconf 87' lang='lat' dir='ltr'>aquam</span> <span class='ocrx_word' id='word_1_371' title='bbox 184 3579 315 3642; x_wconf 89' lang='lat' dir='ltr'>mittere</span> <span class='ocrx_word' id='word_1_372' title='bbox 328 3581 574 3653; x_wconf 84' lang='lat' dir='ltr'>est,charitatis</span> <span class='ocrx_word' id='word_1_373' title='bbox 585 3583 618 3642; x_wconf 90' lang='lat' dir='ltr'>et</span> <span class='ocrx_word' id='word_1_374' title='bbox 629 3581 848 3660; x_wconf 87' lang='lat' dir='ltr'>eleemosynae</span> <span class='ocrx_word' id='word_1_375' title='bbox 903 3586 1050 3649; x_wconf 89' lang='lat' dir='ltr'>mentum</span> <span class='ocrx_word' id='word_1_376' title='bbox 1060 3581 1216 3655; x_wconf 89' lang='lat' dir='ltr'>instituit,</span> <span class='ocrx_word' id='word_1_377' title='bbox 1227 3595 1347 3657; x_wconf 88' lang='lat' dir='ltr'>corpus</span> <span class='ocrx_word' id='word_1_378' title='bbox 1358 3595 1453 3640; x_wconf 89' lang='lat' dir='ltr'>suum</span> <span class='ocrx_word' id='word_1_379' title='bbox 1465 3579 1498 3640; x_wconf 91' lang='lat' dir='ltr'>et</span> <span class='ocrx_word' id='word_1_380' title='bbox 1508 3579 1706 3654; x_wconf 89' lang='lat' dir='ltr'>sanguinem</span> 
     </span>
     <span class='ocr_line' id='line_1_34' title="bbox 46 3676 1706 3761; baseline 0.001 -26"><span class='ocrx_word' id='word_1_381' title='bbox 46 3676 205 3752; x_wconf 91' lang='lat' dir='ltr'>operibus</span> <span class='ocrx_word' id='word_1_382' title='bbox 229 3679 467 3740; x_wconf 90' lang='lat' dir='ltr'>conscientiam</span> <span class='ocrx_word' id='word_1_383' title='bbox 482 3679 622 3756; x_wconf 88' lang='lat' dir='ltr'>replere.</span> <span class='ocrx_word' id='word_1_384' title='bbox 644 3683 709 3742; x_wconf 89' lang='lat' dir='ltr'>Por</span> <span class='ocrx_word' id='word_1_385' title='bbox 730 3696 850 3758; x_wconf 85' lang='lat' dir='ltr'>aquam</span> <span class='ocrx_word' id='word_1_386' title='bbox 904 3686 940 3746; x_wconf 92' lang='lat' dir='ltr'>in</span> <span class='ocrx_word' id='word_1_387' title='bbox 964 3682 1078 3761; x_wconf 89' lang='lat' dir='ltr'>specie</span> <span class='ocrx_word' id='word_1_388' title='bbox 1099 3681 1200 3759; x_wconf 82' lang='lat' dir='ltr'>panis</span> <span class='ocrx_word' id='word_1_389' title='bbox 1222 3680 1255 3742; x_wconf 88' lang='lat' dir='ltr'>et</span> <span class='ocrx_word' id='word_1_390' title='bbox 1274 3678 1346 3741; x_wconf 82' lang='lat' dir='ltr'>vini</span> <span class='ocrx_word' id='word_1_391' title='bbox 1370 3677 1506 3741; x_wconf 69' lang='lat' dir='ltr'>madens</span> <span class='ocrx_word' id='word_1_392' title='bbox 1534 3676 1706 3754; x_wconf 87' lang='lat' dir='ltr'>discipulis</span> 
     </span>
     <span class='ocr_line' id='line_1_35' title="bbox 45 3773 1708 3853; baseline 0.003 -21"><span class='ocrx_word' id='word_1_393' title='bbox 45 3773 131 3834; x_wconf 90' lang='lat' dir='ltr'>enim</span> <span class='ocrx_word' id='word_1_394' title='bbox 157 3774 366 3853; x_wconf 83' lang='lat' dir='ltr'>eleemosyna</span> <span class='ocrx_word' id='word_1_395' title='bbox 382 3776 586 3853; x_wconf 87' lang='lat' dir='ltr'>designatur,</span> <span class='ocrx_word' id='word_1_396' title='bbox 603 3777 733 3840; x_wconf 88' lang='lat' dir='ltr'>dicente</span> <span class='ocrx_word' id='word_1_397' title='bbox 750 3779 851 3840; x_wconf 83' lang='lat' dir='ltr'>Salo·</span> <span class='ocrx_word' id='word_1_398' title='bbox 905 3783 974 3844; x_wconf 89' lang='lat' dir='ltr'>suis</span> <span class='ocrx_word' id='word_1_399' title='bbox 993 3781 1106 3843; x_wconf 89' lang='lat' dir='ltr'>dicens</span> <span class='ocrx_word' id='word_1_400' title='bbox 1124 3800 1132 3840; x_wconf 75' lang='grc' dir='ltr'><strong><em>ε</em></strong></span> <span class='ocrx_word' id='word_1_401' title='bbox 1148 3778 1298 3851; x_wconf 79' lang='lat' dir='ltr'>Accipite</span> <span class='ocrx_word' id='word_1_402' title='bbox 1322 3777 1355 3838; x_wconf 89' lang='lat' dir='ltr'>et</span> <span class='ocrx_word' id='word_1_403' title='bbox 1382 3777 1548 3838; x_wconf 75' lang='lat' dir='ltr'>emnedite</span> <span class='ocrx_word' id='word_1_404' title='bbox 1573 3789 1620 3838; x_wconf 75' lang='lat' dir='ltr'>ea·</span> <span class='ocrx_word' id='word_1_405' title='bbox 1646 3779 1708 3843; x_wconf 81' lang='lat' dir='ltr'>boc</span> 
     </span>
     <span class='ocr_line' id='line_1_36' title="bbox 45 3874 1706 3954; baseline 0.002 -23"><span class='ocrx_word' id='word_1_406' title='bbox 45 3887 141 3934; x_wconf 90' lang='lat' dir='ltr'>mone</span> <span class='ocrx_word' id='word_1_407' title='bbox 173 3892 182 3932; x_wconf 74' lang='grc' dir='ltr'><strong><em>ε</em></strong></span> <span class='ocrx_word' id='word_1_408' title='bbox 211 3874 308 3935; x_wconf 73' lang='lat' dir='ltr'>Sicca</span> <span class='ocrx_word' id='word_1_409' title='bbox 334 3889 425 3948; x_wconf 78' lang='lat' dir='ltr'>aquit</span> <span class='ocrx_word' id='word_1_410' title='bbox 452 3876 632 3954; x_wconf 69' lang='lat' dir='ltr'>actinosa,</span> <span class='ocrx_word' id='word_1_411' title='bbox 650 3879 777 3953; x_wconf 77' lang='lat' dir='ltr'>ignem,</span> <span class='ocrx_word' id='word_1_412' title='bbox 799 3878 851 3940; x_wconf 84' lang='lat' dir='ltr'>itu</span> <span class='ocrx_word' id='word_1_413' title='bbox 905 3895 1024 3943; x_wconf 83' lang='lat' dir='ltr'>omues</span> <span class='ocrx_word' id='word_1_414' title='bbox 1036 3896 1047 3952; x_wconf 92' lang='lat'><em>;</em></span> <span class='ocrx_word' id='word_1_415' title='bbox 1069 3881 1124 3941; x_wconf 85' lang='lat' dir='ltr'>bie</span> <span class='ocrx_word' id='word_1_416' title='bbox 1137 3877 1190 3939; x_wconf 89' lang='lat' dir='ltr'>esi</span> <span class='ocrx_word' id='word_1_417' title='bbox 1203 3879 1297 3938; x_wconf 82' lang='lat' dir='ltr'>euim</span> <span class='ocrx_word' id='word_1_418' title='bbox 1311 3877 1404 3936; x_wconf 80' lang='lat' dir='ltr'>catice</span> <span class='ocrx_word' id='word_1_419' title='bbox 1421 3877 1603 3950; x_wconf 73' lang='lat' dir='ltr'>suspiciatis</span> <span class='ocrx_word' id='word_1_420' title='bbox 1625 3875 1706 3943; x_wconf 85' lang='lat' dir='ltr'>met,</span> 
     </span>
     <span class='ocr_line' id='line_1_37' title="bbox 47 3970 1706 4054; baseline 0 -24"><span class='ocrx_word' id='word_1_421' title='bbox 47 3975 261 4045; x_wconf 70' lang='lat' dir='ltr'>eleemosyna</span> <span class='ocrx_word' id='word_1_422' title='bbox 271 3971 631 4048; x_wconf 58' lang='lat' dir='ltr'>accinctumaccensum</span> <span class='ocrx_word' id='word_1_423' title='bbox 643 3970 712 4052; x_wconf 88' lang='lat' dir='ltr'>(Ec.</span> <span class='ocrx_word' id='word_1_424' title='bbox 722 3989 772 4045; x_wconf 88' lang='lat'>111,</span> <span class='ocrx_word' id='word_1_425' title='bbox 783 3974 849 4054; x_wconf 87' lang='grc'><strong>33),</strong></span> <span class='ocrx_word' id='word_1_426' title='bbox 905 3972 1604 4046; x_wconf 74' lang='lat' dir='ltr'>uocictaeterniTestamentimgsterium</span> <span class='ocrx_word' id='word_1_427' title='bbox 1615 3971 1706 4042; x_wconf 73' lang='lat' dir='ltr'>(idei,</span> 
     </span>
     <span class='ocr_line' id='line_1_38' title="bbox 83 4067 1706 4151; baseline -0.001 -22"><span class='ocrx_word' id='word_1_428' title='bbox 83 4070 130 4130; x_wconf 81' lang='lat' dir='ltr'>lit</span> <span class='ocrx_word' id='word_1_429' title='bbox 150 4069 255 4143; x_wconf 85' lang='lat' dir='ltr'>coepit</span> <span class='ocrx_word' id='word_1_430' title='bbox 269 4074 388 4131; x_wconf 86' lang='lat' dir='ltr'>lavore</span> <span class='ocrx_word' id='word_1_431' title='bbox 400 4072 760 4146; x_wconf 73' lang='lat' dir='ltr'>petesciseipuiorum</span> <span class='ocrx_word' id='word_1_432' title='bbox 775 4087 851 4134; x_wconf 77' lang='lat' dir='ltr'>suo</span> <span class='ocrx_word' id='word_1_433' title='bbox 905 4079 963 4151; x_wconf 77' lang='lat' dir='ltr'>poi</span> <span class='ocrx_word' id='word_1_434' title='bbox 979 4089 1047 4148; x_wconf 85' lang='lat' dir='ltr'>pro</span> <span class='ocrx_word' id='word_1_435' title='bbox 1066 4074 1160 4133; x_wconf 83' lang='lat' dir='ltr'>cobis</span> <span class='ocrx_word' id='word_1_436' title='bbox 1181 4069 1215 4132; x_wconf 90' lang='lat' dir='ltr'>ei</span> <span class='ocrx_word' id='word_1_437' title='bbox 1235 4085 1301 4145; x_wconf 83' lang='lat' dir='ltr'>pro</span> <span class='ocrx_word' id='word_1_438' title='bbox 1316 4069 1433 4130; x_wconf 79' lang='lat' dir='ltr'>moitis</span> <span class='ocrx_word' id='word_1_439' title='bbox 1456 4067 1654 4143; x_wconf 79' lang='lat' dir='ltr'>efficrideticr</span> <span class='ocrx_word' id='word_1_440' title='bbox 1668 4070 1706 4127; x_wconf 80' lang='lat' dir='ltr'>iu</span> 
     </span>
     <span class='ocr_line' id='line_1_39' title="bbox 46 4165 1709 4243; baseline -0.001 -17"><span class='ocrx_word' id='word_1_441' title='bbox 46 4180 136 4226; x_wconf 80' lang='lat' dir='ltr'>rum.</span> <span class='ocrx_word' id='word_1_442' title='bbox 166 4169 233 4226; x_wconf 85' lang='lat' dir='ltr'>Per</span> <span class='ocrx_word' id='word_1_443' title='bbox 258 4165 357 4243; x_wconf 90' lang='lat' dir='ltr'>pedes</span> <span class='ocrx_word' id='word_1_444' title='bbox 377 4166 593 4242; x_wconf 83' lang='lat' dir='ltr'>designantur</span> <span class='ocrx_word' id='word_1_445' title='bbox 618 4167 848 4243; x_wconf 87' lang='lat' dir='ltr'>cogitationes,</span> <span class='ocrx_word' id='word_1_446' title='bbox 905 4175 1145 4236; x_wconf 76' lang='lat' dir='ltr'>remissionem</span> <span class='ocrx_word' id='word_1_447' title='bbox 1176 4167 1408 4242; x_wconf 82' lang='lat' dir='ltr'>peccatorum.</span> <span class='ocrx_word' id='word_1_448' title='bbox 1443 4168 1530 4227; x_wconf 75' lang='lat' dir='ltr'>Hace</span> <span class='ocrx_word' id='word_1_449' title='bbox 1563 4165 1709 4239; x_wconf 79' lang='lat' dir='ltr'>orcoties·</span> 
     </span>
     <span class='ocr_line' id='line_1_40' title="bbox 46 4263 1707 4344; baseline 0 -23"><span class='ocrx_word' id='word_1_450' title='bbox 46 4263 123 4338; x_wconf 88' lang='lat' dir='ltr'>quia</span> <span class='ocrx_word' id='word_1_451' title='bbox 139 4263 228 4326; x_wconf 89' lang='lat' dir='ltr'>sicut</span> <span class='ocrx_word' id='word_1_452' title='bbox 243 4263 381 4340; x_wconf 89' lang='lat' dir='ltr'>pedibus</span> <span class='ocrx_word' id='word_1_453' title='bbox 401 4264 499 4326; x_wconf 89' lang='lat' dir='ltr'>homo</span> <span class='ocrx_word' id='word_1_454' title='bbox 518 4265 681 4341; x_wconf 87' lang='lat' dir='ltr'>graditur,</span> <span class='ocrx_word' id='word_1_455' title='bbox 698 4265 744 4326; x_wconf 89' lang='lat' dir='ltr'>ita</span> <span class='ocrx_word' id='word_1_456' title='bbox 759 4266 852 4342; x_wconf 91' lang='lat' dir='ltr'>cogi·</span> <span class='ocrx_word' id='word_1_457' title='bbox 905 4284 1049 4344; x_wconf 77' lang='lat' dir='ltr'>cumgue</span> <span class='ocrx_word' id='word_1_458' title='bbox 1067 4267 1234 4344; x_wconf 72' lang='lat' dir='ltr'>feceritis,</span> <span class='ocrx_word' id='word_1_459' title='bbox 1260 4269 1298 4326; x_wconf 82' lang='lat' dir='ltr'>iri</span> <span class='ocrx_word' id='word_1_460' title='bbox 1325 4266 1394 4326; x_wconf 87' lang='lat' dir='ltr'>mei</span> <span class='ocrx_word' id='word_1_461' title='bbox 1420 4265 1628 4325; x_wconf 76' lang='lat' dir='ltr'>amatorium</span> <span class='ocrx_word' id='word_1_462' title='bbox 1648 4264 1707 4337; x_wconf 71' lang='lat' dir='ltr'>io-</span> 
     </span>
     <span class='ocr_line' id='line_1_41' title="bbox 46 4359 1706 4447; baseline 0.001 -28"><span class='ocrx_word' id='word_1_463' title='bbox 46 4359 228 4421; x_wconf 88' lang='lat' dir='ltr'>lationibus</span> <span class='ocrx_word' id='word_1_464' title='bbox 244 4360 382 4422; x_wconf 84' lang='lat' dir='ltr'>effectus</span> <span class='ocrx_word' id='word_1_465' title='bbox 398 4361 542 4424; x_wconf 90' lang='lat' dir='ltr'>hominis</span> <span class='ocrx_word' id='word_1_466' title='bbox 557 4363 741 4424; x_wconf 89' lang='lat' dir='ltr'>variantur.</span> <span class='ocrx_word' id='word_1_467' title='bbox 757 4363 850 4426; x_wconf 89' lang='lat' dir='ltr'>Unde</span> <span class='ocrx_word' id='word_1_468' title='bbox 905 4369 1002 4431; x_wconf 88' lang='lat' dir='ltr'>cieiis</span> <span class='ocrx_word' id='word_1_469' title='bbox 1015 4365 1108 4447; x_wconf 86' lang='lat' dir='ltr'>(Luc.</span> <span class='ocrx_word' id='word_1_470' title='bbox 1126 4379 1211 4435; x_wconf 81' lang='lat' dir='ltr'>xxii,</span> <span class='ocrx_word' id='word_1_471' title='bbox 1228 4363 1277 4435; x_wconf 83' lang='lat'>19,</span> <span class='ocrx_word' id='word_1_472' title='bbox 1293 4359 1359 4442; x_wconf 83' lang='lat'>20).</span> <span class='ocrx_word' id='word_1_473' title='bbox 1377 4360 1471 4423; x_wconf 89' lang='lat' dir='ltr'>Unde</span> <span class='ocrx_word' id='word_1_474' title='bbox 1486 4361 1618 4422; x_wconf 87' lang='lat' dir='ltr'>Veritas</span> <span class='ocrx_word' id='word_1_475' title='bbox 1633 4359 1706 4420; x_wconf 89' lang='lat' dir='ltr'>ait:</span> 
     </span>
     <span class='ocr_line' id='line_1_42' title="bbox 46 4458 1706 4537; baseline 0.002 -21"><span class='ocrx_word' id='word_1_476' title='bbox 46 4458 209 4534; x_wconf 86' lang='lat' dir='ltr'>scriptum</span> <span class='ocrx_word' id='word_1_477' title='bbox 233 4458 339 4519; x_wconf 91' lang='lat' dir='ltr'>estin</span> <span class='ocrx_word' id='word_1_478' title='bbox 366 4459 485 4520; x_wconf 84' lang='lat' dir='ltr'>Genesi</span> <span class='ocrx_word' id='word_1_479' title='bbox 506 4479 514 4520; x_wconf 74' lang='grc' dir='ltr'><strong>ι</strong></span> <span class='ocrx_word' id='word_1_480' title='bbox 534 4461 720 4522; x_wconf 79' lang='lat' dir='ltr'>Moverunt</span> <span class='ocrx_word' id='word_1_481' title='bbox 746 4465 851 4537; x_wconf 85' lang='lat' dir='ltr'>pedes</span> <span class='ocrx_word' id='word_1_482' title='bbox 904 4468 983 4530; x_wconf 84' lang='lat' dir='ltr'>Nisi</span> <span class='ocrx_word' id='word_1_483' title='bbox 997 4461 1445 4526; x_wconf 77' lang='lat' dir='ltr'>mauaecaeeroiseeraem</span> <span class='ocrx_word' id='word_1_484' title='bbox 1453 4461 1706 4528; x_wconf 76' lang='lat' dir='ltr'>Filiiiromiuis,</span> 
     </span>
     <span class='ocr_line' id='line_1_43' title="bbox 46 4556 1710 4634; baseline 0.002 -20"><span class='ocrx_word' id='word_1_485' title='bbox 46 4568 126 4616; x_wconf 75' lang='lat' dir='ltr'>siros</span> <span class='ocrx_word' id='word_1_486' title='bbox 147 4559 191 4617; x_wconf 83' lang='lat' dir='ltr'>ab</span> <span class='ocrx_word' id='word_1_487' title='bbox 212 4556 361 4624; x_wconf 81' lang='lat' dir='ltr'>oriente,</span> <span class='ocrx_word' id='word_1_488' title='bbox 384 4557 418 4616; x_wconf 88' lang='lat' dir='ltr'>et</span> <span class='ocrx_word' id='word_1_489' title='bbox 442 4559 612 4618; x_wconf 77' lang='lat' dir='ltr'>vetiei‘ttitt</span> <span class='ocrx_word' id='word_1_490' title='bbox 634 4561 670 4620; x_wconf 82' lang='lat' dir='ltr'>iu</span> <span class='ocrx_word' id='word_1_491' title='bbox 691 4574 852 4634; x_wconf 81' lang='lat' dir='ltr'>comptam</span> <span class='ocrx_word' id='word_1_492' title='bbox 905 4565 939 4626; x_wconf 91' lang='lat' dir='ltr'>et</span> <span class='ocrx_word' id='word_1_493' title='bbox 954 4563 1106 4626; x_wconf 84' lang='lat' dir='ltr'>biberitis</span> <span class='ocrx_word' id='word_1_494' title='bbox 1127 4562 1203 4633; x_wconf 82' lang='lat' dir='ltr'>eius</span> <span class='ocrx_word' id='word_1_495' title='bbox 1216 4561 1437 4634; x_wconf 74' lang='lat' dir='ltr'>sartouiitem,</span> <span class='ocrx_word' id='word_1_496' title='bbox 1455 4572 1526 4618; x_wconf 80' lang='lat' dir='ltr'>ooo</span> <span class='ocrx_word' id='word_1_497' title='bbox 1545 4556 1710 4619; x_wconf 85' lang='lat' dir='ltr'>babebitis</span> 
     </span>
     <span class='ocr_line' id='line_1_44' title="bbox 44 4651 1186 4734; baseline 0.004 -22"><span class='ocrx_word' id='word_1_498' title='bbox 44 4654 210 4714; x_wconf 81' lang='lat' dir='ltr'>Scnrsoor</span> <span class='ocrx_word' id='word_1_499' title='bbox 224 4651 319 4731; x_wconf 82' lang='lat' dir='ltr'>(Gen.</span> <span class='ocrx_word' id='word_1_500' title='bbox 330 4669 377 4726; x_wconf 81' lang='lat' dir='ltr'>xr,</span> <span class='ocrx_word' id='word_1_501' title='bbox 391 4653 436 4734; x_wconf 84' lang='lat'>2).</span> <span class='ocrx_word' id='word_1_502' title='bbox 451 4657 601 4716; x_wconf 89' lang='lat' dir='ltr'>Sennaar</span> <span class='ocrx_word' id='word_1_503' title='bbox 615 4656 852 4734; x_wconf 88' lang='lat' dir='ltr'>interpretatur</span> <span class='ocrx_word' id='word_1_504' title='bbox 905 4663 1017 4723; x_wconf 83' lang='lat' dir='ltr'>citum</span> <span class='ocrx_word' id='word_1_505' title='bbox 1030 4664 1066 4721; x_wconf 81' lang='lat' dir='ltr'>iu</span> <span class='ocrx_word' id='word_1_506' title='bbox 1081 4661 1186 4720; x_wconf 64' lang='lat' dir='ltr'>ocem.</span> 
     </span>
     <span class='ocr_line' id='line_1_45' title="bbox 46 4747 1708 4835; baseline 0.002 -27"><span class='ocrx_word' id='word_1_507' title='bbox 46 4747 144 4812; x_wconf 80' lang='lat' dir='ltr'>testor</span> <span class='ocrx_word' id='word_1_508' title='bbox 167 4750 325 4812; x_wconf 89' lang='lat' dir='ltr'>dentium.</span> <span class='ocrx_word' id='word_1_509' title='bbox 343 4755 408 4813; x_wconf 88' lang='lat' dir='ltr'>Per</span> <span class='ocrx_word' id='word_1_510' title='bbox 421 4753 535 4814; x_wconf 89' lang='lat' dir='ltr'>dentes</span> <span class='ocrx_word' id='word_1_511' title='bbox 557 4753 669 4830; x_wconf 90' lang='lat' dir='ltr'>igitur,</span> <span class='ocrx_word' id='word_1_512' title='bbox 687 4755 744 4832; x_wconf 85' lang='lat' dir='ltr'>qui</span> <span class='ocrx_word' id='word_1_513' title='bbox 759 4772 851 4833; x_wconf 87' lang='lat' dir='ltr'>prae·</span> <span class='ocrx_word' id='word_1_514' title='bbox 947 4759 1010 4821; x_wconf 87' lang='lat' dir='ltr'>Sed</span> <span class='ocrx_word' id='word_1_515' title='bbox 1023 4773 1130 4835; x_wconf 85' lang='lat' dir='ltr'>quare</span> <span class='ocrx_word' id='word_1_516' title='bbox 1142 4756 1178 4816; x_wconf 87' lang='lat' dir='ltr'>in</span> <span class='ocrx_word' id='word_1_517' title='bbox 1192 4754 1303 4831; x_wconf 89' lang='lat' dir='ltr'>specie</span> <span class='ocrx_word' id='word_1_518' title='bbox 1319 4752 1413 4830; x_wconf 89' lang='lat' dir='ltr'>panis</span> <span class='ocrx_word' id='word_1_519' title='bbox 1428 4752 1461 4814; x_wconf 87' lang='lat' dir='ltr'>et</span> <span class='ocrx_word' id='word_1_520' title='bbox 1474 4751 1565 4814; x_wconf 78' lang='lat' dir='ltr'>sinit</span> <span class='ocrx_word' id='word_1_521' title='bbox 1579 4751 1708 4814; x_wconf 88' lang='lat' dir='ltr'>Viden-</span> 
     </span>
     <span class='ocr_line' id='line_1_46' title="bbox 45 4848 1708 4929; baseline 0.002 -21"><span class='ocrx_word' id='word_1_522' title='bbox 45 4848 173 4920; x_wconf 88' lang='lat' dir='ltr'>cidunt,</span> <span class='ocrx_word' id='word_1_523' title='bbox 195 4849 228 4909; x_wconf 90' lang='lat' dir='ltr'>et</span> <span class='ocrx_word' id='word_1_524' title='bbox 246 4849 423 4912; x_wconf 88' lang='lat' dir='ltr'>masticant</span> <span class='ocrx_word' id='word_1_525' title='bbox 446 4850 555 4911; x_wconf 90' lang='lat' dir='ltr'>cibum</span> <span class='ocrx_word' id='word_1_526' title='bbox 580 4853 723 4928; x_wconf 88' lang='lat' dir='ltr'>corpori,</span> <span class='ocrx_word' id='word_1_527' title='bbox 745 4853 851 4916; x_wconf 90' lang='lat' dir='ltr'>sancti</span> <span class='ocrx_word' id='word_1_528' title='bbox 906 4861 984 4922; x_wconf 91' lang='lat' dir='ltr'>dum</span> <span class='ocrx_word' id='word_1_529' title='bbox 997 4857 1057 4918; x_wconf 87' lang='lat' dir='ltr'>est.</span> <span class='ocrx_word' id='word_1_530' title='bbox 1073 4854 1166 4916; x_wconf 88' lang='lat' dir='ltr'>Sicut</span> <span class='ocrx_word' id='word_1_531' title='bbox 1179 4852 1268 4914; x_wconf 90' lang='lat' dir='ltr'>enim</span> <span class='ocrx_word' id='word_1_532' title='bbox 1283 4851 1379 4929; x_wconf 90' lang='lat' dir='ltr'>panis</span> <span class='ocrx_word' id='word_1_533' title='bbox 1394 4866 1463 4928; x_wconf 88' lang='lat' dir='ltr'>prae</span> <span class='ocrx_word' id='word_1_534' title='bbox 1478 4849 1609 4912; x_wconf 87' lang='lat' dir='ltr'>caeteris</span> <span class='ocrx_word' id='word_1_535' title='bbox 1624 4849 1708 4912; x_wconf 85' lang='lat' dir='ltr'>cibis</span> 
     </span>
     <span class='ocr_line' id='line_1_47' title="bbox 43 4943 1710 5033; baseline 0.002 -28"><span class='ocrx_word' id='word_1_536' title='bbox 43 4947 285 5022; x_wconf 85' lang='lat' dir='ltr'>praedicatores</span> <span class='ocrx_word' id='word_1_537' title='bbox 300 4946 527 5023; x_wconf 82' lang='lat' dir='ltr'>designantur,</span> <span class='ocrx_word' id='word_1_538' title='bbox 544 4949 600 5026; x_wconf 87' lang='lat' dir='ltr'>qui</span> <span class='ocrx_word' id='word_1_539' title='bbox 615 4951 852 5026; x_wconf 83' lang='lat' dir='ltr'>praedicatione</span> <span class='ocrx_word' id='word_1_540' title='bbox 906 4943 1027 5033; x_wconf 82' lang='lat' dir='ltr'>corpus</span> <span class='ocrx_word' id='word_1_541' title='bbox 1048 4950 1156 5016; x_wconf 84' lang='lat' dir='ltr'>reiicit</span> <span class='ocrx_word' id='word_1_542' title='bbox 1181 4951 1214 5012; x_wconf 90' lang='lat' dir='ltr'>et</span> <span class='ocrx_word' id='word_1_543' title='bbox 1230 4949 1407 5022; x_wconf 84' lang='lat' dir='ltr'>sustentat,</span> <span class='ocrx_word' id='word_1_544' title='bbox 1418 4949 1454 5012; x_wconf 92' lang='lat' dir='ltr'>et</span> <span class='ocrx_word' id='word_1_545' title='bbox 1465 4947 1585 5010; x_wconf 82' lang='lat' dir='ltr'>uinum</span> <span class='ocrx_word' id='word_1_546' title='bbox 1599 4948 1710 5010; x_wconf 90' lang='lat' dir='ltr'>homi·</span> 
     </span>
     <span class='ocr_line' id='line_1_48' title="bbox 44 5044 1711 5126; baseline 0.004 -24"><span class='ocrx_word' id='word_1_547' title='bbox 44 5059 106 5104; x_wconf 89' lang='lat' dir='ltr'>sua</span> <span class='ocrx_word' id='word_1_548' title='bbox 129 5044 318 5120; x_wconf 85' lang='lat' dir='ltr'>praecidunt</span> <span class='ocrx_word' id='word_1_549' title='bbox 338 5045 488 5107; x_wconf 89' lang='lat' dir='ltr'>homines</span> <span class='ocrx_word' id='word_1_550' title='bbox 510 5047 550 5108; x_wconf 93' lang='lat' dir='ltr'>de</span> <span class='ocrx_word' id='word_1_551' title='bbox 573 5063 683 5108; x_wconf 88' lang='lat' dir='ltr'>massa</span> <span class='ocrx_word' id='word_1_552' title='bbox 698 5050 853 5126; x_wconf 87' lang='lat' dir='ltr'>peccato-</span> <span class='ocrx_word' id='word_1_553' title='bbox 907 5070 982 5116; x_wconf 89' lang='lat' dir='ltr'>nem</span> <span class='ocrx_word' id='word_1_554' title='bbox 995 5050 1143 5116; x_wconf 86' lang='lat' dir='ltr'>laetiilcat</span> <span class='ocrx_word' id='word_1_555' title='bbox 1157 5049 1190 5111; x_wconf 90' lang='lat' dir='ltr'>et</span> <span class='ocrx_word' id='word_1_556' title='bbox 1202 5047 1357 5118; x_wconf 87' lang='lat' dir='ltr'>inebriat,</span> <span class='ocrx_word' id='word_1_557' title='bbox 1370 5047 1419 5110; x_wconf 87' lang='lat' dir='ltr'>sic</span> <span class='ocrx_word' id='word_1_558' title='bbox 1434 5062 1512 5108; x_wconf 88' lang='lat' dir='ltr'>caro</span> <span class='ocrx_word' id='word_1_559' title='bbox 1523 5047 1711 5110; x_wconf 83' lang='lat' dir='ltr'>Ulrristiin-</span> 
     </span>
     <span class='ocr_line' id='line_1_49' title="bbox 43 5142 1709 5222; baseline 0.002 -22"><span class='ocrx_word' id='word_1_560' title='bbox 43 5155 133 5214; x_wconf 89' lang='lat' dir='ltr'>rum,</span> <span class='ocrx_word' id='word_1_561' title='bbox 161 5142 195 5201; x_wconf 89' lang='lat' dir='ltr'>et</span> <span class='ocrx_word' id='word_1_562' title='bbox 218 5144 459 5219; x_wconf 83' lang='lat' dir='ltr'>concorporari</span> <span class='ocrx_word' id='word_1_563' title='bbox 483 5159 540 5206; x_wconf 89' lang='lat' dir='ltr'>eos</span> <span class='ocrx_word' id='word_1_564' title='bbox 563 5144 599 5205; x_wconf 90' lang='lat' dir='ltr'>in</span> <span class='ocrx_word' id='word_1_565' title='bbox 623 5146 764 5208; x_wconf 84' lang='lat' dir='ltr'>Christo.</span> <span class='ocrx_word' id='word_1_566' title='bbox 788 5150 853 5207; x_wconf 87' lang='lat' dir='ltr'>Per</span> <span class='ocrx_word' id='word_1_567' title='bbox 905 5153 1063 5215; x_wconf 90' lang='lat' dir='ltr'>teriorem</span> <span class='ocrx_word' id='word_1_568' title='bbox 1074 5148 1241 5210; x_wconf 87' lang='lat' dir='ltr'>homiuem</span> <span class='ocrx_word' id='word_1_569' title='bbox 1253 5145 1358 5220; x_wconf 90' lang='lat' dir='ltr'>magis</span> <span class='ocrx_word' id='word_1_570' title='bbox 1371 5144 1502 5206; x_wconf 88' lang='lat' dir='ltr'>caeteris</span> <span class='ocrx_word' id='word_1_571' title='bbox 1514 5145 1633 5218; x_wconf 86' lang='lat' dir='ltr'>gratiis</span> <span class='ocrx_word' id='word_1_572' title='bbox 1643 5146 1709 5222; x_wconf 88' lang='lat' dir='ltr'>spi·</span> 
     </span>
     <span class='ocr_line' id='line_1_50' title="bbox 43 5241 1705 5318; baseline 0.003 -20"><span class='ocrx_word' id='word_1_573' title='bbox 43 5254 202 5316; x_wconf 91' lang='lat' dir='ltr'>campum</span> <span class='ocrx_word' id='word_1_574' title='bbox 214 5241 374 5312; x_wconf 82' lang='lat' dir='ltr'>sennaar,</span> <span class='ocrx_word' id='word_1_575' title='bbox 385 5241 707 5317; x_wconf 89' lang='lat' dir='ltr'>quiioetordentium</span> <span class='ocrx_word' id='word_1_576' title='bbox 719 5244 850 5316; x_wconf 89' lang='lat' dir='ltr'>dicitur,</span> <span class='ocrx_word' id='word_1_577' title='bbox 906 5249 1073 5312; x_wconf 86' lang='lat' dir='ltr'>ritualiter</span> <span class='ocrx_word' id='word_1_578' title='bbox 1086 5245 1193 5308; x_wconf 88' lang='lat' dir='ltr'>reiicit</span> <span class='ocrx_word' id='word_1_579' title='bbox 1208 5243 1241 5304; x_wconf 89' lang='lat' dir='ltr'>et</span> <span class='ocrx_word' id='word_1_580' title='bbox 1259 5241 1402 5317; x_wconf 84' lang='lat' dir='ltr'>saginat.</span> <span class='ocrx_word' id='word_1_581' title='bbox 1422 5241 1456 5303; x_wconf 91' lang='lat' dir='ltr'>et</span> <span class='ocrx_word' id='word_1_582' title='bbox 1474 5243 1611 5317; x_wconf 89' lang='lat' dir='ltr'>sanguis</span> <span class='ocrx_word' id='word_1_583' title='bbox 1631 5243 1705 5318; x_wconf 89' lang='lat' dir='ltr'>spi-</span> 
     </span>
     <span class='ocr_line' id='line_1_51' title="bbox 43 5336 1708 5418; baseline 0.002 -22"><span class='ocrx_word' id='word_1_584' title='bbox 43 5336 236 5405; x_wconf 86' lang='lat' dir='ltr'>delectatio,</span> <span class='ocrx_word' id='word_1_585' title='bbox 262 5337 295 5398; x_wconf 91' lang='lat' dir='ltr'>et</span> <span class='ocrx_word' id='word_1_586' title='bbox 318 5338 432 5400; x_wconf 81' lang='lat' dir='ltr'>mumdi</span> <span class='ocrx_word' id='word_1_587' title='bbox 457 5340 725 5416; x_wconf 87' lang='lat' dir='ltr'>concupiscentia</span> <span class='ocrx_word' id='word_1_588' title='bbox 741 5341 854 5418; x_wconf 79' lang='lat' dir='ltr'>desig·</span> <span class='ocrx_word' id='word_1_589' title='bbox 907 5346 1075 5410; x_wconf 86' lang='lat' dir='ltr'>ritualiter</span> <span class='ocrx_word' id='word_1_590' title='bbox 1085 5341 1242 5409; x_wconf 84' lang='lat' dir='ltr'>laetificat,</span> <span class='ocrx_word' id='word_1_591' title='bbox 1254 5340 1286 5402; x_wconf 90' lang='lat' dir='ltr'>et</span> <span class='ocrx_word' id='word_1_592' title='bbox 1296 5338 1509 5412; x_wconf 89' lang='lat' dir='ltr'>sicinebriat,</span> <span class='ocrx_word' id='word_1_593' title='bbox 1518 5340 1708 5403; x_wconf 90' lang='lat' dir='ltr'>utsobrium</span> 
     </span>
     <span class='ocr_line' id='line_1_52' title="bbox 43 5433 1709 5516; baseline 0.002 -20"><span class='ocrx_word' id='word_1_594' title='bbox 43 5437 160 5506; x_wconf 90' lang='lat' dir='ltr'>natur,</span> <span class='ocrx_word' id='word_1_595' title='bbox 177 5449 250 5511; x_wconf 81' lang='lat' dir='ltr'>quae</span> <span class='ocrx_word' id='word_1_596' title='bbox 263 5433 361 5496; x_wconf 83' lang='lat' dir='ltr'>foetor</span> <span class='ocrx_word' id='word_1_597' title='bbox 375 5438 425 5498; x_wconf 90' lang='lat' dir='ltr'>est</span> <span class='ocrx_word' id='word_1_598' title='bbox 439 5435 602 5510; x_wconf 74' lang='lat' dir='ltr'>dentibus</span> <span class='ocrx_word' id='word_1_599' title='bbox 618 5438 714 5506; x_wconf 89' lang='lat' dir='ltr'>idest,</span> <span class='ocrx_word' id='word_1_600' title='bbox 726 5439 851 5516; x_wconf 87' lang='lat' dir='ltr'>praedi·</span> <span class='ocrx_word' id='word_1_601' title='bbox 907 5445 1034 5508; x_wconf 83' lang='lat' dir='ltr'>reddat</span> <span class='ocrx_word' id='word_1_602' title='bbox 1055 5440 1149 5503; x_wconf 91' lang='lat' dir='ltr'>Unde</span> <span class='ocrx_word' id='word_1_603' title='bbox 1177 5438 1357 5500; x_wconf 76' lang='lat' dir='ltr'>psalmista</span> <span class='ocrx_word' id='word_1_604' title='bbox 1380 5458 1387 5498; x_wconf 75' lang='grc' dir='ltr'><strong>ε</strong></span> <span class='ocrx_word' id='word_1_605' title='bbox 1411 5442 1577 5500; x_wconf 79' lang='lat' dir='ltr'>Pacuium</span> <span class='ocrx_word' id='word_1_606' title='bbox 1600 5440 1709 5511; x_wconf 76' lang='lat' dir='ltr'>titum,</span> 
     </span>
     <span class='ocr_line' id='line_1_53' title="bbox 42 5531 1710 5613; baseline 0.001 -19"><span class='ocrx_word' id='word_1_607' title='bbox 42 5531 230 5605; x_wconf 89' lang='lat' dir='ltr'>catoribus,</span> <span class='ocrx_word' id='word_1_608' title='bbox 248 5532 326 5608; x_wconf 90' lang='lat' dir='ltr'>quia</span> <span class='ocrx_word' id='word_1_609' title='bbox 341 5534 376 5595; x_wconf 88' lang='lat' dir='ltr'>ut</span> <span class='ocrx_word' id='word_1_610' title='bbox 389 5535 536 5596; x_wconf 83' lang='lat' dir='ltr'>ioannes</span> <span class='ocrx_word' id='word_1_611' title='bbox 556 5535 604 5597; x_wconf 88' lang='lat' dir='ltr'>aii</span> <span class='ocrx_word' id='word_1_612' title='bbox 624 5535 659 5595; x_wconf 92' lang='lat' dir='ltr'>in</span> <span class='ocrx_word' id='word_1_613' title='bbox 681 5536 851 5613; x_wconf 78' lang='lat' dir='ltr'>Epistola:</span> <span class='ocrx_word' id='word_1_614' title='bbox 907 5551 961 5606; x_wconf 74' lang='lat' dir='ltr'>ver</span> <span class='ocrx_word' id='word_1_615' title='bbox 978 5544 1071 5604; x_wconf 69' lang='lat' dir='ltr'>aazia</span> <span class='ocrx_word' id='word_1_616' title='bbox 1087 5539 1167 5600; x_wconf 81' lang='lat' dir='ltr'>icus</span> <span class='ocrx_word' id='word_1_617' title='bbox 1182 5537 1371 5608; x_wconf 78' lang='lat' dir='ltr'>inebriaris,</span> <span class='ocrx_word' id='word_1_618' title='bbox 1385 5551 1490 5608; x_wconf 77' lang='lat' dir='ltr'>quem</span> <span class='ocrx_word' id='word_1_619' title='bbox 1498 5539 1710 5610; x_wconf 74' lang='lat' dir='ltr'>praecurram</span> 
     </span>
     <span class='ocr_line' id='line_1_54' title="bbox 42 5629 1711 5720; baseline 0.002 -28"><span class='ocrx_word' id='word_1_620' title='bbox 42 5633 199 5692; x_wconf 69' lang='lat' dir='ltr'>Meotidas</span> <span class='ocrx_word' id='word_1_621' title='bbox 240 5629 368 5691; x_wconf 72' lang='lat' dir='ltr'>tensuit</span> <span class='ocrx_word' id='word_1_622' title='bbox 402 5633 435 5694; x_wconf 88' lang='lat' dir='ltr'>ei</span> <span class='ocrx_word' id='word_1_623' title='bbox 467 5635 741 5708; x_wconf 79' lang='lat' dir='ltr'>eorrercpisceaiia</span> <span class='ocrx_word' id='word_1_624' title='bbox 762 5637 853 5708; x_wconf 54' lang='lat' dir='ltr'>‘eiam</span> <span class='ocrx_word' id='word_1_625' title='bbox 908 5643 960 5704; x_wconf 86' lang='lat' dir='ltr'>esi</span> <span class='ocrx_word' id='word_1_626' title='bbox 973 5638 1044 5720; x_wconf 87' lang='lat' dir='ltr'>(Ps.</span> <span class='ocrx_word' id='word_1_627' title='bbox 1057 5637 1109 5708; x_wconf 81' lang='lat'>22,</span> <span class='ocrx_word' id='word_1_628' title='bbox 1120 5633 1166 5714; x_wconf 85' lang='lat'>5).</span> <span class='ocrx_word' id='word_1_629' title='bbox 1181 5633 1221 5695; x_wconf 83' lang='lat' dir='ltr'>Et</span> <span class='ocrx_word' id='word_1_630' title='bbox 1235 5631 1320 5694; x_wconf 88' lang='lat' dir='ltr'>sicut</span> <span class='ocrx_word' id='word_1_631' title='bbox 1330 5647 1373 5694; x_wconf 83' lang='lat' dir='ltr'>ex</span> <span class='ocrx_word' id='word_1_632' title='bbox 1385 5630 1497 5692; x_wconf 86' lang='lat' dir='ltr'>multis</span> <span class='ocrx_word' id='word_1_633' title='bbox 1508 5631 1623 5707; x_wconf 74' lang='lat' dir='ltr'>graius</span> <span class='ocrx_word' id='word_1_634' title='bbox 1636 5647 1711 5696; x_wconf 53' lang='lat' dir='ltr'>cone</span> 
     </span>
     <span class='ocr_line' id='line_1_55' title="bbox 43 5727 1711 5811; baseline -0.005 -9"><span class='ocrx_word' id='word_1_635' title='bbox 43 5727 74 5807; x_wconf 84' lang='grc' dir='ltr'>(Ι</span> <span class='ocrx_word' id='word_1_636' title='bbox 89 5731 192 5792; x_wconf 85' lang='lat' dir='ltr'>ioan.</span> <span class='ocrx_word' id='word_1_637' title='bbox 208 5743 244 5802; x_wconf 76' lang='lat'>11,</span> <span class='ocrx_word' id='word_1_638' title='bbox 260 5727 323 5808; x_wconf 82' lang='lat'><strong>17).</strong></span> <span class='ocrx_word' id='word_1_639' title='bbox 908 5740 1019 5802; x_wconf 86' lang='lat' dir='ltr'>ficitur</span> <span class='ocrx_word' id='word_1_640' title='bbox 1045 5749 1135 5798; x_wconf 85' lang='lat' dir='ltr'>unus</span> <span class='ocrx_word' id='word_1_641' title='bbox 1161 5731 1267 5811; x_wconf 81' lang='lat' dir='ltr'>panis,</span> <span class='ocrx_word' id='word_1_642' title='bbox 1297 5731 1332 5792; x_wconf 89' lang='lat' dir='ltr'>et</span> <span class='ocrx_word' id='word_1_643' title='bbox 1358 5745 1401 5792; x_wconf 79' lang='lat' dir='ltr'>ex</span> <span class='ocrx_word' id='word_1_644' title='bbox 1429 5728 1579 5806; x_wconf 89' lang='lat' dir='ltr'>pluribus</span> <span class='ocrx_word' id='word_1_645' title='bbox 1605 5731 1711 5794; x_wconf 85' lang='lat' dir='ltr'>acinis</span> 
     </span>
    </p>
   </div>
   <div class='ocr_carea' id='block_1_3' title="bbox 0 0 2000 6377">
    <p class='ocr_par' dir='ltr' id='par_1_3' title="bbox 0 0 2000 6377">
     <span class='ocr_line' id='line_1_56' title="bbox 0 0 2000 6377; baseline 0 0"><span class='ocrx_word' id='word_1_646' title='bbox 0 0 2000 6377; x_wconf 95' lang='lat' dir='ltr'> </span> 
     </span>
    </p>
   </div>
   <div class='ocr_carea' id='block_1_4' title="bbox 1993 0 1997 722">
    <p class='ocr_par' dir='ltr' id='par_1_4' title="bbox 1993 0 1997 722">
     <span class='ocr_line' id='line_1_57' title="bbox 1993 0 1997 722; baseline 0 0"><span class='ocrx_word' id='word_1_647' title='bbox 1993 0 1997 722; x_wconf 95' lang='lat' dir='ltr'> </span> 
     </span>
    </p>
   </div>
  </div>
 </body>
</html>
