3978 6290
918 327 1097 388 HONORII
1119 329 1163 388 III
1185 328 1332 390 OPERA.

356 587 485 658 Abbati,
500 589 534 648 et
556 587 744 650 corruantur·
763 589 968 651 rrrouosterir'

545 692 724 772 Detonsis(
747 691 771 773 ).

552 871 688 931 CAPUT
713 871 768 931 VI.

302 1023 382 1081 Cum
397 1021 475 1082 olim
489 1038 588 1098 super
607 1021 765 1099 petitIone
778 1019 997 1098 proventuum
1010 1032 1061 1078 ec·

263 1119 439 1180 clesiarum
460 1119 631 1198 inquibus
655 1121 801 1181 vestrum
822 1117 1060 1179 monasterium

258 1219 314 1294 jus
337 1217 463 1280 obtinet
487 1218 649 1289 facienda,
671 1217 759 1279 inter
780 1217 924 1288 Priores,
950 1215 983 1276 et
1004 1229 1062 1275 ca-

263 1314 413 1392 pellanos
439 1316 607 1393 ipsarum,
633 1315 851 1378 Bituricensis
886 1312 1058 1382 dioecesis,

263 1414 403 1490 quaestio
426 1430 537 1475 coram
555 1413 661 1475 felicis
681 1412 850 1475 memoriae
869 1409 1061 1472 Innocentio

264 1513 365 1587 Papa,
390 1513 632 1588 predecessore
650 1513 774 1583 nostre,
798 1510 917 1571 luisset
938 1507 1062 1568 diutius

264 1609 448 1684 exagitata3
466 1610 598 1671 tandem
614 1610 685 1687 lpse
700 1607 890 1687 hujusmodi
905 1605 1064 1684 quaestio-

265 1721 340 1767 nem
358 1709 490 1784 sopiens
507 1707 709 1785 providendo
727 1704 968 1776 determinavit,
984 1701 1062 1781 quid

264 1805 404 1882 priores
419 1804 538 1882 quidve
557 1805 764 1883 perciperent
782 1803 962 1881 Capeliani,
978 1801 1065 1863 sicui

264 1902 300 1962 in
313 1905 384 1979 ejus
407 1903 527 1965 litteris
547 1905 643 1964 lactis
667 1919 766 1978 super
785 1901 975 1978 provisione
999 1899 1065 1959 bu-

261 2001 407 2076 jusmodi
423 2001 593 2062 evidenter
607 2001 754 2077 apparet.
780 1999 842 2060 Sed
856 1999 990 2074 quidam
1007 1999 1065 2057 Ga-

266 2097 391 2172 pellani
405 2098 621 2158 ecclesiarum
634 2097 792 2173 ipsarum,
812 2096 987 2155 occasione
1002 2094 1065 2155 sta·

266 2191 329 2253 tuti
361 2193 501 2253 concilii
533 2193 719 2268 generalis,
751 2208 815 2269 quo
853 2191 983 2262 dicitur,
1030 2191 1065 2251 ut

267 2289 413 2365 provisio
436 2306 581 2366 congrua
602 2305 662 2367 per
691 2289 932 2368 parochialium
959 2287 1067 2348 eccle·

272 2385 397 2448 siarum
419 2388 639 2464 presbyteros,
665 2404 731 2448 non
758 2387 910 2449 obstante
934 2387 1065 2464 patroni

271 2485 510 2547 consuetudine
525 2486 724 2561 assignetur,
739 2485 962 2562 provisionem
981 2499 1067 2544 eam·

270 2582 354 2655 dem,
379 2583 466 2645 sieut
486 2585 648 2656 asseritIs,
672 2583 854 2659 iufringere
872 2582 1063 2644 moliuntur.

270 2683 376 2753 Quum
411 2697 489 2756 ergo
522 2681 671 2757 generali
695 2682 817 2743 statuto
842 2695 907 2742 non
930 2680 1067 2741 tollatur

269 2779 414 2856 provisio
424 2779 589 2856 speclaIIS,
605 2797 666 2841 nos
680 2779 720 2840 de
735 2795 900 2840 consensu
913 2779 1065 2839 Fratrum

270 2874 458 2935 nostrorum
470 2874 694 2950 provisionem
702 2876 773 2951 jam
786 2873 907 2934 dictam
926 2873 1067 2933 auetori-

318 3071 359 3146 (a)
380 3075 492 3145 Abbati,
514 3079 539 3132 et
563 3076 709 3132 conrerrtui
733 3075 856 3134 Deterret.
875 3077 1006 3144 Dolense,
1022 3073 1067 3132 vei

271 3145 477 3217 Burgidolense
492 3146 603 3204 celebre
619 3147 822 3204 Monasterium
837 3146 969 3203 dioeeosis
989 3148 1064 3204 Bitu·

272 3216 401 3286 ricensis,
413 3217 520 3273 ordinis
537 3219 628 3274 saneti
648 3217 793 3275 Benedicti
807 3217 841 3274 ad
857 3218 1006 3290 argeum,
1023 3217 1068 3273 vei

273 3286 399 3356 ladrum,
413 3288 500 3361 vulgo
512 3289 677 3356 Bourdeots,
691 3289 746 3356 vel,
760 3289 951 3359 Boarqdreun,
967 3287 1067 3344 lunda-

271 3361 333 3413 tum
355 3357 389 3414 ab
406 3358 521 3415 Ebbone
536 3360 589 3415 sub
604 3360 703 3419 Carolo
725 3359 861 3430 Simplici.
884 3360 988 3416 Auctor
1003 3359 1068 3415 vitae

273 3430 363 3485 sancti
386 3429 489 3486 Genuii
503 3446 563 3501 cap.
589 3432 614 3500 7,
637 3431 683 3486 aa.
701 3431 728 3500 2,
746 3431 774 3486 in
798 3429 928 3486 Bibliotb.
947 3430 1067 3486 Floriac.

273 3501 334 3564 lvo,
348 3501 439 3570 Epist.
456 3503 500 3559 rs.

309 3571 350 3626 De
376 3573 442 3628 ture
473 3579 639 3644 patronatus
664 3571 847 3629 ecciesIarum
881 3571 1068 3643 quarumdam

274 3640 407 3697 dioecesis
418 3643 600 3698 bituricensis
618 3642 651 3699 iis
662 3642 710 3698 diu
722 3643 865 3714 exagitata
878 3645 951 3698 inter
960 3643 1069 3712 priores

274 3718 303 3766 et
315 3711 482 3782 Capelianus
504 3713 564 3768 sive
587 3713 731 3779 Rectores,
748 3727 819 3782 quos
838 3712 996 3768 Sacerdotes
1011 3713 1065 3766 Pa.-

274 3781 413 3836 rocbrotes
421 3787 503 3837 vocat
516 3782 698 3838 Innocentius
709 3785 759 3850 ΙΙΙ,
770 3783 797 3836 ln
807 3797 868 3850 cup.
880 3781 1070 3851 exstirpandae

275 3849 319 3918 30,
338 3851 370 3906 dc
384 3852 583 3919 Proberrd.,ac
607 3851 738 3907 abbatem
762 3859 790 3907 et
816 3859 986 3908 conventum
1010 3854 1066 3907 llo·

275 3920 385 3976 lensom
410 3935 506 3978 coram
531 3921 605 3977 dlcto
625 3923 791 3979 Innocentio
806 3919 867 3989 luit,
885 3930 915 3979 ut
929 3923 990 3993 ipse
1009 3924 1066 3979 llo·

276 3991 374 4048 uerius
407 3999 506 4048 notat:
537 3991 722 4048 ecelesiarum
759 4005 863 4064 nempe
884 3994 975 4048 sancti
993 3993 1067 4049 Ger-

275 4061 364 4130 mani,
389 4070 417 4118 et
450 4062 545 4118 llario
572 4064 671 4120 Parvae
690 4064 719 4120 ia
735 4065 830 4136 burgo
847 4062 971 4127 liciensi,
990 4062 1068 4135 iuxta

275 4133 420 4189 civitatem
434 4133 648 4203 bituricensem,
662 4133 806 4206 inquibus
822 4135 1069 4205 praesentationem

274 4205 485 4276 capellanorum
523 4206 664 4276 perticere
694 4205 846 4278 respondet
876 4205 1068 4273 Innocentius,

274 4275 366 4344 Epist.
386 4277 445 4344 lat,
463 4277 510 4333 tib.
531 4277 557 4334 3.
579 4277 639 4334 Nec
652 4275 743 4333 solum
758 4277 902 4333 cernentia
918 4283 978 4333 erat
997 4276 1069 4333 inter

276 4345 408 4403 abbatem
421 4354 449 4404 et
461 4355 632 4404 conventum
646 4363 680 4404 ex
695 4355 773 4419 parte
787 4363 852 4410 una,
865 4355 893 4403 et
905 4347 1028 4419 priorem
1042 4352 1070 4402 et

275 4418 439 4544 capellanos
453 4432 488 4473 ex
501 4419 573 4482 alia;
589 4418 639 4474 sed
661 4419 747 4474 etiam
763 4419 836 4474 inter
854 4417 962 4489 priores
977 4424 1005 4473 et
1019 4431 1067 4473 ca·

277 4501 312 4560 pe
323 4488 414 4557 lenos,
431 4495 544 4561 propter
557 4489 741 4544 ecclesiarum
759 4487 931 4559 temporales
946 4501 1066 4558 proven-

276 4563 331 4625 tus,
348 4567 376 4615 et
390 4574 547 4630 congruam
564 4561 733 4631 portionem,
751 4573 801 4630 pro
816 4557 918 4630 quibus
933 4557 1008 4628 prior
1022 4571 1069 4612 co-

276 4640 338 4682 rum
375 4629 495 4696 abbate,
531 4632 695 4701 capellanus
727 4645 824 4686 coram
856 4627 1070 4700 archiepiscopo

276 4697 468 4767 respondebit,
483 4706 513 4755 ut
527 4700 556 4754 iu
571 4700 645 4756 dicta
674 4702 792 4772 epistota
817 4699 986 4757 continetur.
1010 4700 1070 4755 Nec

246 4811 257 4832 ,
276 4771 373 4822 tomen
388 4767 440 4824 sub
465 4771 630 4826 innocentio
644 4770 679 4825 ils
698 4772 816 4828 omnino
838 4772 932 4828 decise
959 4770 1067 4826 luerat:

276 4837 381 4918 quippe
396 4839 546 4909 capellani,
563 4853 613 4895 seu
629 4840 786 4912 presbyteri
807 4850 920 4913 propter
935 4843 1070 4912 exiguam

277 4913 437 5035 [ortionem
461 4910 720 4980 conquerebantur,
746 4911 858 4968 favento
882 4913 924 4968 ets
950 4910 1070 4968 concilio

301 4980 462 5036 ateranensi
482 4980 535 5035 sub
558 4979 658 5036 eodem
683 4983 859 5049 innocentio,
876 4983 946 5038 Gan.
962 4983 1006 5050 32,
1023 4982 1070 5054 qui

276 5046 396 5106 refertur
421 5052 448 5105 in
470 5049 542 5106 dicto
568 5067 629 5121 cop.
656 5052 853 5122 exstirpandae.
881 5054 915 5108 Et
940 5051 985 5108 bic
998 5054 1071 5108 ratio

277 5121 432 5194 singularis
449 5127 546 5178 contra
561 5122 724 5194 capellanos
739 5122 865 5188 ailertur,
882 5137 985 5194 nempe
1000 5137 1067 5178 con·

276 5191 434 5248 suetudinis
446 5199 544 5249 eontra
566 5191 608 5248 'us
623 5195 767 5266 generate,
785 5191 860 5266 quod
875 5194 991 5264 speciali
1013 5208 1070 5250 non

276 5261 417 5333 derogare
448 5207 610 5335 respondet,
637 5266 665 5320 lu
690 5263 795 5322 iuveris
820 5264 974 5336 singularis
1000 5279 1069 5336 erga

276 5332 398 5391 Dolonse
414 5335 616 5392 Monastcrium
632 5336 843 5404 testimonium3
860 5334 935 5406 quod
952 5334 1071 5407 vulgare

277 5417 334 5461 non
357 5411 399 5460 est
414 5423 420 5462 :
438 5405 562 5461 maxime
577 5407 651 5477 quia,
670 5407 918 5473 redimereris,
936 5407 1071 5461 innoeen-

276 5475 1069 5534 tiusomnemconsuetudinemcontrariamcondemnat.

279 5546 325 5605 Sic
345 5546 401 5603 boc
422 5550 625 5604 rnoaasterium
642 5549 756 5620 magnis
771 5547 928 5620 privilegiis
952 5545 1069 5603 ditatum

278 5617 408 5675 videmus
423 5617 458 5674 ab
473 5617 573 5674 eodem
587 5620 762 5687 Innocentio,
779 5619 869 5688 Epist.
888 5617 936 5674 ΙΙΙ
950 5617 1071 5688 ejusdem

230 5729 233 5734 ι
279 5691 344 5747 libr.
359 5703 422 5762 quae
445 5704 501 5746 nou
516 5697 667 5747 censentur
692 5689 828 5764 abrogata
845 5703 894 5762 prr
910 5689 1002 5761 legem
1024 5703 1071 5762 ge·

1862 323 1931 382 120

1114 506 1381 584 teteApostolica
1395 504 1601 578 roborantes,
1624 505 1806 571 districtius
1831 509 1931 570 inbi-

1113 605 1238 677 hemus,
1260 621 1302 665 ne
1317 605 1390 682 quis
1409 602 1459 664 ilii
1471 603 1646 666 occasione
1663 605 1826 682 praedicta
1841 623 1930 668 con·

1114 703 1162 764 tra
1180 703 1230 763 ire
1243 702 1433 779 presumat.

1192 877 1373 950 Potestoir',
1390 878 1424 938 et
1434 881 1558 951 populo
1573 880 1751 939 Paestano.
1776 875 1829 957 (a)

1324 1043 1328 1052 ·
1393 1028 1529 1089 CAPUT
1558 1029 1629 1089 VII.

1156 1199 1247 1261 Sicut
1259 1201 1309 1262 est
1321 1200 1457 1262 auribus
1473 1203 1672 1276 intimatum,
1687 1204 1808 1280 primo,
1822 1219 1929 1266 reve·

1115 1296 1222 1358 nentia
1244 1297 1431 1360 divinarum
1453 1301 1485 1362 et
1506 1299 1727 1362 humanarum
1754 1300 1930 1362 eonstitu-

1115 1393 1241 1456 tionum
1263 1397 1450 1474 posthabita
1472 1398 1627 1471 statuitis
1651 1415 1693 1460 ne
1717 1399 1793 1477 quis
1814 1413 1927 1475 super

1117 1490 1253 1553 decimIs
1274 1493 1472 1571 respondeat
1484 1511 1594 1557 coram
1607 1495 1778 1574 judicibus
1793 1513 1814 1557 a
1829 1495 1927 1556 Sede

1116 1591 1304 1666 ApostoIIca
1317 1592 1491 1669 delegatis3
1511 1610 1549 1656 ac
1562 1592 1704 1666 demum,
1720 1595 1800 1671 quia
1814 1609 1926 1670 super

1116 1686 1275 1750 talentum
1289 1689 1413 1766 plumbi
1426 1689 1543 1751 sedens
1555 1692 1715 1770 iniquitas
1728 1707 1867 1768 semper
1881 1691 1925 1750 de

1118 1786 1251 1848 maloin
1273 1788 1417 1849 deterIus
1440 1789 1573 1860 corruit,
1596 1789 1829 1868 adjacebant
1851 1789 1924 1848 nisi

1118 1884 1727 1962 epaseopuseteleruscivitadsvestrae,
1736 1887 1828 1950 intra
1842 1903 1930 1964 qua-

1119 1982 1270 2058 draginta
1286 1985 1367 2056 dieS,
1381 1985 1554 2062 postquam
1572 1986 1602 2046 is
1625 2003 1721 2063 quem
1738 1985 1928 2060 contigerit

1119 2080 1154 2140 ln
1169 2083 1314 2143 vestrum
1327 2083 1487 2143 rectorem
1503 2083 1639 2155 assumi,
1649 2083 1798 2159 regimen
1813 2083 1930 2158 ipsius

1120 2179 1263 2240 civitatis
1281 2179 1455 2256 juraverit,
1485 2195 1520 2240 se
1546 2180 1665 2242 vestris
1699 2177 1931 2255 obligaverint

1120 2277 1317 2350 constitutis,
1332 2277 1464 2340 extunc
1476 2277 1524 2338 eis
1537 2279 1610 2354 ipsa
1622 2277 1743 2339 statuta
1756 2293 1826 2338 non
1840 2293 1929 2354 pro-

1121 2376 1197 2446 sint,
1212 2391 1273 2436 nee
1285 2391 1342 2435 eos
1354 2375 1464 2436 hanua
1479 2375 1611 2453 publica
1622 2375 1801 2436 tueantur:
1818 2391 1931 2436 enco-

1121 2471 1223 2546 gitata
1238 2470 1365 2531 malitia
1385 2470 1418 2530 id
1438 2485 1537 2545 agere
1558 2470 1757 2546 satagentes
1784 2471 1824 2531 ut
1846 2471 1877 2530 si
1893 2485 1930 2529 se

1122 2568 1252 2630 statutis
1277 2567 1466 2645 huJusmodi
1494 2566 1716 2642 alligaverint,
1742 2567 1930 2628 ecclesias-

1120 2666 1196 2728 ticae
1223 2665 1384 2727 libertatis
1415 2667 1579 2742 expertae,
1596 2665 1736 2742 publicis
1763 2664 1928 2726 oneribus

1123 2763 1351 2840 mancipentur
1364 2764 1399 2825 ut
1411 2763 1508 2838 laici;
1531 2763 1559 2823 si
1571 2778 1650 2824 vero
1663 2779 1699 2824 se
1718 2763 1786 2822 illis
1802 2763 1928 2824 nolue-

1121 2862 1189 2923 rint
1210 2861 1368 2937 obligare,
1389 2861 1524 2937 pateant
1540 2861 1688 2937 periculo
1703 2876 1928 2938 personarum

1123 3058 1259 3126 neralem,
1273 3071 1334 3127 cap.
1355 3071 1432 3126 sure,
1453 3057 1485 3112 de
1503 3056 1647 3127 prioitep,
1670 3055 1734 3128 quia
1756 3062 1854 3112 tamen
1881 3053 1930 3109 ali-

1123 3135 1262 3200 quatenus
1275 3127 1412 3184 damnosa
1427 3125 1569 3184 videntur.
1587 3125 1771 3199 Raymundus
1783 3125 1840 3181 boc
1856 3139 1926 3196 cap.

1123 3201 1151 3256 iu
1167 3215 1218 3256 sua
1234 3198 1435 3270 compilatione
1451 3199 1557 3254 omisit.

1160 3270 1357 3342 temeratori,
1373 3273 1398 3324 et
1412 3269 1516 3339 populo
1527 3268 1674 3324 Padcurro.
1692 3269 1838 3338 Pleraeque
1858 3266 1930 3324 civr-

1123 3345 1200 3398 tates
1217 3341 1315 3408 ltaliae,
1330 3355 1452 3396 excusso
1474 3339 1588 3412 Imperii
1608 3339 1690 3412 jugo,
1705 3339 1772 3396 sibit
1786 3339 1880 3394 duces
1900 3344 1929 3392 et

1124 3419 1259 3483 praetores
1273 3413 1488 3472 constituerant,
1506 3425 1577 3481 ques
1589 3410 1705 3478 pedestri
1721 3409 1818 3467 Italico
1836 3408 1928 3464 verbo

1123 3482 1274 3548 vocabant,
1291 3482 1363 3537 inter
1379 3495 1450 3552 quas
1463 3479 1513 3536 luit
1528 3480 1688 3536 Patavium.
1705 3479 1775 3536 Inde
1789 3479 1928 3550 irequeus

1124 3553 1260 3610 meallen
1283 3553 1320 3608 ud
1336 3560 1466 3608 auctores
1485 3551 1560 3606 iilius
1582 3551 1681 3618 seculi,
1694 3558 1725 3607 ut
1746 3549 1821 3622 apud
1835 3553 1925 3606 luno-

1123 3624 1247 3680 eentium
1263 3569 1313 3680 fil.
1326 3629 1353 3678 et
1366 3623 1539 3680 Clementem
1555 3622 1602 3678 lV.
1619 3623 1699 3678 Hanc
1713 3635 1814 3677 vocem
1827 3619 1926 3677 Graeci

1124 3695 1296 3751 recentiores
1310 3693 1364 3749 sibi
1379 3693 1521 3764 propriam
1535 3691 1670 3748 i'eceruut.
1695 3693 1851 3764 Gregoras,
1872 3691 1924 3746 tto.

1124 3767 1150 3832 5,
1173 3779 1234 3834 cop.
1259 3767 1287 3822 t.
1314 3762 1491 3830 Codinus,de
1511 3763 1584 3834 ostie.
1610 3763 1684 3818 oute
1704 3763 1927 3832 Gomtantinop.

1123 3836 1305 3907 Curopalates
1332 3841 1416 3890 vocat
1444 3843 1595 3897 ποτεστάτος
1611 3842 1772 3899 Γεννουίτων,
1799 3833 1930 3888 Potestas

1124 3905 1319 3963 dercensium.
1336 3905 1523 3975 Magistratus
1538 3901 1593 3969 bic,
1611 3903 1659 3972 qui
1674 3904 1738 3960 airis
1754 3903 1870 3970 Consul,
1897 3908 1929 3959 ut

1124 3977 1235 4034 Pisanis
1273 3977 1448 4043 nominatur,
1476 3989 1491 4030 a
1516 3973 1633 4032 Venetis
1660 3983 1785 4042 ιυπᾰιιος,
1817 3972 1927 4040 idest,

1124 4053 1249 4114 curator,
1285 4054 1315 4102 ut
1346 4053 1426 4102 notat
1458 4043 1535 4100 idem
1568 4045 1711 4116 Gregoras
1736 4043 1783 4100 tab.
1819 4045 1847 4112 Ι,
1872 4059 1926 4100 vo-

1124 4126 1204 4176 catur
1224 4117 1352 4186 Pedestri,
1369 4131 1403 4172 co
1423 4113 1499 4187 quod
1519 4129 1631 4171 summa
1653 4113 1812 4185 iurisdictio
1833 4128 1926 4186 penes

1124 4189 1200 4246 branc
1213 4187 1248 4245 sit
1269 4189 1431 4245 constituta.
1454 4186 1578 4242 Sumitur
1594 4191 1622 4241 et
1637 4199 1688 4257 pro
1707 4185 1786 4242 omni
1811 4187 1925 4267 magis·

1126 4267 1198 4317 tratu
1224 4258 1346 4332 publico,
1370 4272 1454 4329 quem
1478 4257 1644 4312 Potestatem
1670 4269 1810 4312 summurn
1833 4263 1925 4313 etiam

1125 4338 1207 4390 vocat
1222 4330 1372 4388 Salvianus
1387 4329 1434 4385 tto.
1450 4327 1486 4397 53
1510 4328 1675 4382 Potestutem
1688 4330 1840 4392 terrenum,
1857 4342 1924 4382 carr.

1124 4402 1322 4470 sacerdotibus,
1339 4407 1366 4458 et
1381 4401 1450 4456 Cart.
1468 4412 1601 4466 acapnum
1613 4411 1652 4466 1¹3
1668 4412 1693 4467 q.
1708 4411 1727 4452 ι.
1744 4397 1924 4466 Copndorem

1124 4474 1228 4540 serati,
1243 4489 1305 4529 can.
1328 4473 1354 4528 si
1372 4471 1434 4542 quis
1455 4468 1650 4539 ertrutribus,
1670 4468 1731 4522 ead.
1746 4467 1792 4524 Sic
1806 4482 1924 4539 quoque

1125 4543 1216 4600 iorum
1232 4544 1360 4599 seculare
1382 4541 1467 4598 unico
1488 4540 1614 4606 nomine,
1632 4538 1724 4605 curie,
1738 4539 1826 4609 vulgo
1842 4536 1922 4596 dice·

1125 4613 1216 4680 batur,
1228 4629 1291 4669 can.
1302 4613 1328 4668 si
1339 4613 1402 4682 quis
1416 4611 1603 4677 sacerdotare,
1618 4615 1645 4664 et
1658 4608 1775 4679 passim,
1791 4608 1852 4664 eud.

1161 4684 1303 4739 Honorius
1318 4681 1500 4752 conqueritur
1510 4679 1538 4734 in
1555 4678 1610 4736 boc
1624 4693 1687 4750 cap.
1705 4678 1781 4751 quod
1796 4677 1830 4734 ad
1843 4681 1922 4752 regi·

1125 4768 1192 4810 men
1214 4752 1347 4819 civitatis,
1363 4747 1517 4821 quomdam
1542 4749 1683 4806 boereticae
1704 4749 1849 4821 pravitatis
1858 4765 1926 4808 sus-

1125 4831 1237 4896 pectum
1249 4822 1463 4892 assumpserint,
1475 4827 1503 4876 et
1518 4819 1572 4877 illis
1587 4820 1719 4904 injungit,
1736 4827 1766 4876 ut
1783 4827 1923 4878 statutum

1125 4895 1223 4952 divino
1238 4901 1266 4949 ot
1281 4892 1407 4948 humano
1425 4891 1482 4964 juri
1497 4899 1671 4948 eontrarium
1684 4905 1700 4948 e
1715 4890 1924 4964 capitularibus

1126 4967 1224 5024 tollere
1238 4961 1309 5020 intra
1322 4961 1483 5034 quiudeeim
1497 4961 1558 5019 dies
1571 4969 1723 5034 procurent
1746 4977 1752 5016 :
1769 4971 1923 5035 suspectus

1125 5045 1186 5096 erat
1212 5033 1364 5092 admodum
1408 5034 1511 5106 opulus
1532 5033 1686 5090 Patavinus
1700 5033 1836 5090 Ecclesia
1860 5036 1919 5091 llo·

1126 5123 1218 5166 mansa
1233 5106 1269 5162 ob
1284 5105 1371 5161 muita
1387 5050 1527 5161 Beneficia
1552 5103 1654 5176 quibus
1669 5118 1700 5160 se
1716 5103 1859 5161 Eriderico
1881 5108 1919 5163 ΙΙ.

1126 5180 1288 5238 devinctum
1304 5191 1367 5234 esse
1382 5175 1571 5232 existimabat.
1594 5177 1724 5247 Namque
1747 5175 1803 5231 iilic
1825 5176 1919 5248 impe·

1126 5261 1201 5308 rator
1213 5249 1318 5306 dlutius
1330 5247 1429 5304 sedam
1445 5246 1553 5314 fixerat,
1568 5253 1596 5302 at
1610 5246 1828 5302 constitutiones
1842 5249 1917 5303 mul·

1126 5333 1169 5382 tas
1187 5320 1294 5379 civitati
1314 5318 1448 5390 perutiles
1469 5315 1605 5384 ediderat,
1624 5322 1655 5372 ut
1669 5315 1820 5397 episcopus
1839 5317 1917 5389 Apa·

1126 5392 1243 5454 nrierrsis
1278 5391 1315 5445 ud
1342 5405 1410 5447 aare.
1436 5387 1586 5456 litbrup.
1602 5401 1622 5455 1,
1645 5393 1808 5456 annotavit3
1830 5389 1919 5444 etiarn

1126 5473 1223 5527 eontra
1243 5436 1401 5530 berctinus,
1422 5466 1454 5515 ut
1476 5463 1586 5515 constat
1610 5471 1645 5513 ex
1666 5457 1757 5527 Epist.
1782 5459 1856 5513 Petri
1882 5459 1919 5516 de

1125 5539 1224 5600 vineis
1238 5533 1281 5598 ta,
1304 5531 1463 5589 libaima
1486 5529 1599 5600 insigne
1619 5528 1803 5600 Gymnasium
1824 5531 1917 5586 Bouc-

1126 5613 1225 5669 niense
1237 5605 1384 5661 Patavium
1397 5600 1584 5661 transtulerat,
1595 5613 1630 5654 eo
1639 5598 1714 5670 quod
1722 5599 1918 5660 bononienses

1126 5683 1161 5740 ad
1176 5675 1366 5738 obedientiam
1380 5672 1495 5730 lionorii
1516 5669 1715 5743 propensiores
1736 5679 1841 5728 esseut.
1860 5673 1914 5730 Pa-
