3962 6294
620 348 777 418 curura
799 330 1062 416 commansio.
1085 357 1161 418 nra.
1185 357 1224 416 v.

1691 363 1749 422 370

955 531 1124 611 desistant,
1138 539 1319 604 monitione
1328 543 1512 620 praemissa,
1521 559 1580 620 per
1590 556 1747 604 censuras

954 634 1208 791 ecpllesiasticas,
1235 641 1456 717 appellatione
1481 640 1624 712 remota,
1652 655 1747 702 com—

954 745 993 807 pe
1020 747 1069 793 ns.

353 576 567 667 irruitis
591 578 683 666 XIV

229 806 273 852 ns
295 807 509 856 sosarmus
530 809 690 857 vatata.
722 792 769 877 (ι)

1199 905 1414 996 strutus
1428 907 1500 996 XV

371 1027 508 1088 CAPUT
528 1028 542 1087 1
564 1025 578 1106 (
603 1025 628 1106 )·
1045 1079 1088 1126 ne
1109 1081 1264 1141 lustuns,
1285 1083 1328 1130 nr
1349 1084 1464 1132 banuo
1486 1085 1573 1136 brine
1589 1067 1647 1150 (2)-

138 1206 260 1269 Dilecti
282 1204 344 1267 lilii
367 1206 498 1269 noviter
521 1206 557 1268 in
581 1207 719 1270 Livonia
741 1209 897 1288 baptizati
1144 1193 1311 1267 Episcopo
1330 1197 1550 1257 B0720diettSl'·

95 1319 238 1378 gravem
265 1304 306 1366 ad
335 1319 395 1366 nos
421 1305 661 1380 querimoniam
677 1305 894 1382 destinarunt,
1262 1355 1427 1417 CAPUTI

96 1402 186 1479 quod
203 1399 251 1481 (b)
267 1401 387 1463 tratres
401 1402 674 1479 Templariorum,
695 1405 844 1468 ordinem
861 1409 897 1470 in
1430 1399 1437 1416 ⁸

96 1499 898 1578 Livoniaprolitentes,etaliiquidamadvocatiet
991 1493 1076 1556 Olim
1092 1495 1313 1560 scribentibus
1335 1497 1430 1560 nobis
1445 1496 1628 1560 venerabili
1648 1493 1744 1558 iratri

94 1597 242 1675 judiees,
257 1598 315 1674 qui
329 1597 543 1675 temporalem
568 1599 603 1659 in
624 1614 681 1661 eos
702 1602 896 1677 potestatem
951 1593 1064 1656 nostro
1100 1595 1253 1672 episcopo
1289 1597 1479 1667 Mutinensi,
1515 1596 1551 1657 ui
1585 1595 1746 1658 accedens

99 1695 272 1768 exercent,
295 1695 324 1755 si
345 1695 476 1772 quando
497 1695 538 1757 de
558 1696 670 1774 aliquo
691 1699 829 1761 erimine
843 1701 898 1761 in-
952 1692 1172 1768 personaliter
1195 1693 1408 1766 Florentiam,
1426 1693 1637 1765 Potestatem,
1655 1696 1744 1754 Con-

96 1793 286 1865 iamantur,
308 1807 365 1854 eos
385 1789 431 1872 (c)
447 1791 527 1854 sarri
545 1795 715 1857 candentis
733 1797 896 1873 J'udicium
951 1789 1109 1861 Siliam,
1124 1789 1156 1851 ei
1171 1791 1326 1868 populum
1342 1791 1487 1853 civitatis
1507 1791 1654 1869 ejusdem
1674 1807 1747 1852 1110-

96 1891 213 1952 subire
234 1890 436 1967 compellunt
457 1911 465 1951 ι
489 1890 608 1968 mribus
639 1893 667 1953 si
692 1909 756 1970 qua
776 1895 897 1958 exinde
952 1887 1045 1949 neret
1070 1885 1260 1961 cilicaciter,
1286 1889 1518 1952 etinduceret
1541 1890 1582 1950 ad
1607 1888 1744 1950 satista-

97 1989 261 2066 sequatur
275 1988 406 2050 adustio
426 1988 557 2050 civilem
576 2005 706 2068 poenam
729 1992 894 2069 infligunt,
951 1985 1104 2046 ciendum
1133 1983 1173 2046 de
1206 1985 1335 2048 damnis
1364 1989 1397 2049 et
1421 1988 1555 2065 injuriis
1588 1988 1745 2063 irrogatis

97 2101 204 2164 quare
217 2085 388 2149 conversis
408 2087 441 2148 et
459 2087 688 2150 convertendis
704 2090 896 2153 scandalum
951 2083 1134 2146 venerabili
1149 2083 1244 2146 iratri
1261 2084 1376 2147 nostro
1391 2085 1545 2164 episcopo
1559 2083 1620 2164 (d),
1639 2086 1672 2148 et
1690 2101 1747 2148 ec-

96 2184 278 2256 incutiunt,
297 2185 331 2245 et
345 2183 517 2245 terrorem.
535 2187 641 2256 Quum
657 2185 759 2262 igitur
779 2188 898 2266 hujus·
951 2181 1062 2242 elesiis
1078 2183 1245 2252 Fesulan„
1260 2182 1292 2244 et
1306 2183 1336 2244 si
1348 2199 1483 2244 necesse
1496 2182 1581 2244 ieret
1595 2183 1745 2244 censuris
1788 2186 1791 2196 '

96 2281 189 2341 rnodi
199 2280 365 2359 judicium
380 2281 559 2342 secundum
574 2281 739 2358 legitimas
753 2285 787 2346 et
801 2301 898 2350 cano·
951 2279 1187 2342 ecclesiasticis
1207 2280 1391 2343 coarctaret
1412 2303 1419 2341 ι
1440 2281 1527 2342 idem
1548 2279 1745 2342 Mutinensis

96 2379 194 2440 nicas
219 2379 408 2440 sanctiones
435 2379 478 2440 sit
506 2380 636 2455 penitus
665 2381 894 2457 interdictum,
951 2376 1659 2456 mandaiuninosiruffl,quoadmossiiiossem
1674 2377 1747 2438 dili·

96 2477 213 2552 utpote
228 2476 263 2536 in
279 2491 343 2554 quo
358 2478 445 2536 Deus
460 2476 581 2538 tentari
596 2478 740 2555 videtur3
758 2482 898 2543 manda.
950 2475 1082 2550 gentius
1099 2477 1268 2549 executus,
1288 2476 1523 2538 datisinduciis
1546 2479 1661 2538 contra
1677 2478 1746 2539 tes-

96 2590 172 2634 mus
189 2573 352 2649 quatenus
370 2571 489 2636 fratres
511 2573 626 2647 dictos,
644 2577 677 2638 et
692 2577 787 2652 alios,
805 2581 841 2641 ut
855 2580 896 2641 ab
950 2571 1077 2644 tesino
1087 2589 1153 2634 non
1164 2572 1347 2636 contestata
1357 2575 1745 2651 processeratzrevocato

96 2671 292 2748 hujusmodi
307 2685 541 2733 conversorum
555 2675 749 2748 gravamine
762 2678 895 2738 omnino
951 2685 1118 2746 processu,
1131 2671 1309 2732 Commune
1320 2671 1477 2745 Floreat,
1490 2671 1568 2749 quie
1577 2671 1743 2734 bannive-

97 2849 191 2906 ncam
214 2852 357 2916 saraiam,
374 2853 399 2904 a
414 2847 502 2904 neum
524 2849 709 2922 atriensem,
730 2858 755 2910 a
777 2854 896 2912 virtues
951 2843 1229 2930 archiepiscoporum
1246 2849 1423 2922 aleensium,
1440 2847 1520 2976 augus
1533 2847 1744 2920 boerestsuum

95 2920 201 2978 mucii.
213 2922 247 2977 ln
262 2919 348 2977 rebus
362 2919 473 2976 minimi
488 2922 625 2978 momenti
637 2921 692 2980 boc
702 2925 895 3006 juramentum
950 2924 1008 2974 tota
1026 2919 1141 2974 L1V0i¹i³
1157 2919 1259 2978 insecta
1276 2928 1362 2989 esset,
1380 2919 1427 2976 hio
1440 2934 1472 2976 ⁰¹·
1493 2934 1510 2976 ⁰
1525 2919 1617 3001 Ρθῑῑίῑ·

95 3006 157 3046 non
191 2989 373 3058 servabatur,
400 2989 450 3046 sed
480 2990 550 3046 fides
575 3002 730 3051 asserentis
760 2994 894 3054 iudicium
983 2987 1025 3114 ξι)
1047 2991 1131 3046 Ferri
1155 2991 1572 3073 wildeutt'tjudlvltttiltt‘tllre·
1593 2989 1673 3060 Qss0d
1697 2989 1745 3048 ¹150
1784 3051 1788 3060 .

96 3061 264 3135 praestabat,
280 3061 325 3118 vel
346 3060 432 3118 etiam
453 3063 664 3132 vestimentum,
680 3065 709 3120 id
730 3074 773 3122 est
794 3067 897 3140 jurans
951 3074 980 3115 rc
994 3066 1070 3116 ertur
1090 3059 1125 3116 dc
1147 3057 1295 3119 candentis
1311 3061 1376 3118 terri
1395 3062 1606 3119 examinatione
1628 3061 1741 3118 notissi-

94 3132 237 3205 tangebat
252 3145 332 3188 oram
349 3133 435 3189 vestis
453 3131 482 3188 in
497 3133 609 3205 legibus
623 3133 793 3205 Frisionum,
811 3139 854 3195 tit.
867 3139 895 3208 3,
951 3143 1030 3188 mum
1044 3137 1098 3200 est,
1122 3135 1150 3187 et
1169 3132 1254 3188 nimis
1268 3133 1390 3190 otiosum
1413 3141 1562 3190 retexere:
1580 3133 1693 3189 remitto
1709 3129 1745 3190 ad

94 3219 164 3276 cap.
179 3205 205 3272 5,
224 3209 253 3260 et
264 3204 307 3260 tit.
323 3204 366 3272 la,
385 3218 448 3276 cap.
465 3204 506 3260 ult
523 3219 530 3258 τ
547 3206 582 3259 ln
599 3207 769 3277 uestimento,
787 3211 830 3265 uel
846 3225 894 3280 pe·
950 3202 1038 3260 iuret.
1053 3202 1082 3258 in
1094 3203 1177 3275 epist.
1195 3204 1340 3272 lilooais,
1357 3203 1563 3276 liarculpbum,
1579 3204 1700 3272 etalios,
1716 3211 1746 3260 et

94 3275 185 3330 cunio
195 3275 297 3346 jurari
310 3276 422 3344 poterit,
438 3273 473 3332 do
488 3275 645 3332 minoribus
665 3275 747 3334 iuriis
766 3287 795 3337 ct
815 3281 897 3337 noxis
951 3287 1004 3330 11⁰⁸
1018 3270 1054 3329 ed
1067 3272 1143 3330 hune
1154 3273 1375 3348 titulegimuso
1397 3276 1434 3331 ud
1446 3277 1560 3346 Graece.
1575 3277 1636 3332 lloe
1648 3283 1744 3332 tamen

95 3345 135 3402 lot
147 3347 224 3402 uitur
240 3362 246 3400 :
264 3343 311 3402 nbi
334 3351 400 3402 nota
419 3343 612 3418 juramentum
629 3347 658 3404 io
673 3349 805 3420 pecunia,
821 3349 896 3425 qnod
951 3342 1106 3400 notandum
1120 3343 1219 3402 ethos
1230 3360 1292 3418 cap.
1305 3361 1361 3418 quo
1392 3345 1439 3402 hie
1452 3345 1552 3404 modus
1566 3346 1745 3419 purgatoriis

97 3362 189 3473 fiebat
213 3417 321 3496 prolato
348 3416 443 3488 aliquo
474 3430 592 3474 nummo
615 3417 644 3474 in
666 3433 723 3490 quo
744 3419 827 3490 Crux,
850 3421 896 3479 vel
951 3427 966 3470 a
991 3414 1143 3471 Gerttittnm
1169 3415 1416 3488 superstitionibus
1440 3417 1550 3474 initium
1576 3417 1669 3487 dusit3
1696 3415 1744 3473 diu

98 3489 201 3560 imago
214 3488 288 3544 alicu
302 3488 442 3545 essancti
462 3487 601 3559 insculpta
617 3498 704 3546 esset.
718 3492 787 3549 flaec
801 3499 895 3550 autem
951 3491 1047 3540 tamen
1060 3484 1133 3556 apud
1146 3483 1317 3544 christianos
1329 3486 1421 3555 haesit,
1435 3487 1471 3544 ita
1483 3495 1514 3545 ut
1528 3487 1613 3544 etiam
1627 3489 1745 3559 Equites

97 3558 235 3640 purgatio
250 3503 335 3615 tiebat
356 3573 407 3630 pro
428 3559 562 3630 qualitate
584 3575 780 3631 personarum,
799 3565 837 3620 ita
866 3570 897 3620 ut
951 3555 1077 3612 Livonie
1092 3570 1107 3611 a
1123 3557 1182 3612 suis
1196 3555 1366 3614 officialibus
1381 3557 1456 3614 lianc
1471 3559 1645 3630 impietatem
1660 3573 1742 3615 exer-

97 3630 205 3686 nobilis
221 3643 277 3685 non
293 3637 370 3686 tanta
387 3643 484 3698 manu,
500 3645 581 3702 eque
597 3633 897 3702 acservus,velliber
950 3627 1009 3708 ceri
1040 3633 1203 3708 paterentur
1224 3629 1253 3684 in
1275 3629 1413 3698 LiVOssiai
1443 3644 1529 3701 quum
1559 3636 1654 3686 iflffless
1676 3629 1744 3687 ¹¹0Vi

96 3707 240 3773 purgaret
252 3700 444 3757 innocentiam
457 3715 558 3770 suam;
573 3708 601 3758 et
614 3700 668 3758 boe
680 3710 738 3760 tam
754 3712 894 3776 accurate,
950 3695 1098 3754 christiani
1110 3705 1138 3754 et
1153 3706 1283 3756 recenter
1296 3699 1429 3772 baptizati
1444 3714 1508 3756 eam
1523 3697 1742 3772 detestarentur,

96 3781 129 3828 ut
142 3787 250 3850 servus
261 3771 309 3842 qui
325 3771 449 3827 nobilem
472 3771 677 3852 occidissctad
697 3777 895 3848 purgationem
951 3775 987 3850 ut¹
1003 3775 1080 3850 patet
1099 3783 1133 3826 ex
1146 3767 1202 3851 boc
1222 3786 1285 3843 cap.
1307 3772 1433 3830 liariana
1448 3771 1494 3828 lib.
1511 3771 1546 3840 V,
1562 3786 1625 3900 cof.
1643 3774 1668 3841 i,
1685 3788 1743 3830 rer.

98 3856 160 3898 non
175 3841 381 3910 admitteretur,
398 3841 448 3899 sed
466 3840 598 3900 dominus
612 3857 674 3915 epus
688 3859 739 3916 pro
752 3861 797 3914 eo,
811 3849 853 3906 tit.
869 3849 894 3915 l,
950 3839 1109 3910 Hltllaltws
1130 3846 1169 3898 att
1192 3843 1348 3900 Honorium
1371 3847 1497 3899 bostrum
1515 3843 1580 3916 lege

97 3927 165 3984 cap.
183 3914 228 3980 15,
243 3913 301 3984 leg.
319 3913 477 3970 Frisionum
492 3927 498 3967 :
516 3914 739 3984 Dorrttuusjttret
751 3932 806 3986 pro
819 3934 858 3988 ro,
950 3926 1054 3994 quaese
1079 3911 1107 3967 in
1133 3911 1268 3984 llispania
1289 3929 1401 3986 quoque
1421 3913 1448 3970 id
1463 3929 1556 3986 genus
1570 3929 1743 3997 compurga-

136 3984 177 4052 (i)
197 3983 235 4042 Ge
251 3985 314 4039 titre
327 3990 371 4039 est
385 3984 411 4040 lc
426 3983 474 4040 300
486 3981 523 4040 de
537 3985 561 4040 la
578 3985 746 4056 Cornpitatio
757 3989 854 4057 prima
868 3996 897 4046 et
951 3983 1035 4040 tronis
1048 3980 1094 4038 vul
1118 3983 1192 4052 aris3
1207 3991 1236 4041 et
1257 4000 1364 4042 ntorem
1380 3985 1458 4041 illum
1480 3986 1507 4041 iu
1530 3985 1666 4057 llispama
1682 4001 1742 4042 ma·

97 4054 124 4110 le
141 4055 191 4110 35Θ
207 4052 258 4110 des
270 4053 378 4110 beteret.
395 4053 603 4124 Greporienoes.
951 4067 1036 4110 alasse
1060 3997 1145 4133 reffert
1168 4069 1203 4110 ex
1225 4070 1270 4122 eo,
1293 4055 1368 4127 quod
1391 4056 1429 4112 ait
1451 4054 1619 4126 ildefonsus,
1636 4056 1684 4112 lib.
1712 4057 1746 4114 de

136 4124 181 4196 (a)
198 4123 894 4206 Epigrapbebujuscap.desideratur‚etinllSS.,
950 4123 1038 4180 cleris
1064 4123 1183 4193 llupon.
1209 4125 1300 4194 ciris,
1326 4125 1467 4182 constanti
1493 4125 1567 4182 lania
1598 4127 1746 4198 praedicari

97 4204 127 4253 ct
144 4197 175 4252 in
194 4195 339 4266 vulgatis:
357 4196 509 4252 verisimile
530 4203 624 4254 tamen
641 4205 684 4254 est
701 4197 776 4254 hauc
792 4201 893 4256 liecre·
951 4193 1116 4252 Montanum
1137 4193 1304 4252 'toletanum
1320 4197 1469 4268 praesulem
1486 4196 1546 4268 (qni
1563 4197 1674 4267 prsel'nit
1688 4199 1742 4252 To-

98 4267 188 4324 tslem
199 4265 336 4322 directam
348 4264 540 4324 luisseercbie
563 4266 620 4326 isco
641 4269 895 4340 olligensidltpo,
951 4263 1045 4320 letano
1057 4263 1081 4320 ll
1093 4264 1223 4334 concilio,
1240 4265 1392 4323 Amalarici
1408 4267 1496 4336 regis,
1513 4281 1588 4322 anno
1601 4267 1626 4333 5,
1643 4265 1745 4324 Christi

97 4337 229 4394 Livoniae
253 4337 427 4409 metropolis,
453 4344 482 4394 et
501 4282 585 4394 sefes
608 4284 738 4411 lfagistri
762 4341 897 4413 Equitum
951 4349 1019 4390 veto
1034 4333 1098 4415 531)
1116 4342 1264 4418 prostratae
1277 4337 1395 4418 turpiter
1410 4335 1631 4419 pudicitiaeitege
1645 4345 1741 4408 postu·

952 4406 1050 4473 latum,
1063 4413 1233 4462 introcentuu
1246 4406 1349 4464 ludicro
1361 4422 1466 4480 prunas
1478 4422 1542 4463 sinu
1557 4408 1742 4479 coritinuisse,

951 4475 1018 4533 dum
1033 4477 1123 4533 saeris
1137 4492 1253 4549 operam
1270 4476 1359 4546 daret,
1377 4493 1429 4534 nec
1443 4485 1550 4534 vestem
1566 4479 1674 4547 laesam,
1691 4494 1745 4537 uec

952 4547 1050 4621 ignem
1065 4549 1229 4606 extinctum.
1242 4551 1283 4605 Ex
1295 4547 1358 4616 boc,
1371 4547 1525 4607 Gothorum
1541 4565 1596 4606 non
1610 4566 1666 4608 uno
1682 4551 1744 4608 loco

1606 3851 1651 3900 ata
1669 3843 1742 3900 anti-

98 4411 319 4552 Llffimffrotres
348 4477 571 4546 Tentploriornm
590 4479 717 4536 ordinem
739 4481 898 4554 profitentes

99 4567 129 4605 m
151 4549 281 4606 livonia.
296 4546 327 4605 ld
339 4555 383 4604 est
395 4551 506 4605 Fratres
525 4551 632 4606 Cbruti
646 4552 758 4608 tritula·
779 4554 897 4612 instituti

98 4620 192 4678 torma
209 4617 333 4690 quadam
356 4621 591 4691 Tenrplariorum.
609 4634 685 4678 antro
710 4623 789 4692 laet,
810 4639 896 4696 opera

98 4701 127 4748 et
151 4690 286 4764 auspiciis
301 4689 408 4747 eilberti
433 4691 566 4763 lligerrsis
588 4692 615 4748 in
638 4694 755 4750 Livonia
770 4695 896 4769 episcopi

99 4763 163 4844 (qui
190 4761 294 4818 multos
317 4761 471 4818 exantlavit
500 4761 611 4818 labores
635 4779 685 4835 pro
709 4767 896 4824 conversione

98 4836 241 4891 Lrvonum
255 4847 306 4904 per
316 4833 432 4916 triginta
449 4847 549 4900 annos,
562 4833 599 4890 ita
611 4841 640 4890 ut
652 4835 789 4892 Livonum
805 4838 895 4909 Apos-

99 4904 174 4962 tolus
190 4904 282 4961 dietus
297 4901 390 4972 iueru,
407 4911 435 4960 et
450 4904 604 4960 verisimile
628 4912 671 4962 est
693 4921 758 4964 eum
780 4921 844 4964 esse
861 4904 896 4964 ad

99 4989 186 5048 quem
206 4973 336 5032 rescribit
358 4973 523 5048 Horrorius.)
540 4977 574 5031 Hi
589 4975 715 5034 vestibus
734 4978 793 5035 suis
815 4978 896 5035 binos

98 5045 213 5120 gladios
232 5044 324 5102 torma
344 5047 442 5104 criseis
462 5045 628 5104 decussatos
643 5047 718 5104 rubri
733 5049 838 5106 coloris
852 5051 893 5104 ln·

98 5125 217 5174 suentes
236 5125 334 5174 contra
357 5117 490 5174 inimicos
518 5117 620 5176 Christi
649 5117 839 5187 decertabant,
866 5128 896 5177 ut

99 5189 196 5246 uidere
211 5195 255 5245 est
275 5187 349 5259 apud
370 5187 527 5244 rimoldum
544 5189 572 5244 iu
588 5187 727 5246 Chronico
748 5191 895 5246 Slavornm

98 5259 147 5316 lib.
163 5261 228 5328 Vll,
244 5273 308 5348 cap.
331 5261 348 5314 8
369 5259 446 5318 etii.
472 5259 627 5315 Ftrnccinm
652 5260 679 5315 io
702 5261 844 5328 Gbroaol,
868 5268 897 5317 et

99 5330 223 5398 blicbou,
235 5330 262 5385 in
274 5330 417 5385 torrentia
427 5331 578 5399 Europen,
589 5331 636 5400 qul
650 5329 773 5388 reierunt
784 5347 895 5403 quopue

99 5401 204 5458 dictum
218 5399 348 5456 ordinem
365 5399 452 5456 luisse
468 5399 503 5456 ab
516 5402 682 5458 innocentio
696 5403 735 5458 lll
749 5403 897 5458 continna-

99 5481 156 5529 tum
177 5471 273 5544 (cu'ns
291 5478 402 5528 exstant
417 5469 492 5526 binas
510 5470 546 5526 de
570 5470 615 5526 bis
634 5472 769 5543 epistolae,
792 5488 896 5545 nempe

99 5544 146 5600 ltl
173 5551 203 5600 et
243 5542 287 5609 ti,
310 5539 357 5598 lib.
384 5541 477 5612 lllll.)
502 5542 636 5598 biversos
666 5555 733 5598 uero
762 5542 850 5600 luisse
880 5559 894 5602 a

98 5614 267 5686 'templariis
291 5613 657 5684 certumes13Templarii
682 5611 758 5668 enlm
781 5615 896 5673 extincti

99 5685 176 5740 inere
191 5683 245 5740 sub
265 5683 412 5742 Cluniente
426 5684 467 5753 V;
482 5683 511 5739 bi
527 5699 594 5739 vero
609 5697 792 5754 permansere
806 5701 895 5756 usque

99 5755 134 5812 ad
160 5755 275 5813 Lutberi
300 5761 441 5827 tempora,
465 5751 517 5811 snb
541 5755 626 5811 tutela
652 5762 679 5810 et
700 5753 895 5825 jurisdictione

952 4625 1083 4690 receptus
1099 4618 1144 4675 bie
1156 4634 1246 4676 ntosa
1262 4617 1366 4677 divinis
1381 4619 1548 4690 abhorrens,
1562 4621 1644 4691 l'orta,
1662 4621 1742 4680 adul·

953 4691 1039 4758 teria,
1063 4690 1174 4770 aliaque
1197 4689 1315 4746 crimina
1342 4691 1482 4765 purgandi
1508 4691 1656 4751 candentis
1679 4693 1744 4752 i'erri

951 4768 1071 4828 attactu,
1087 4769 1133 4816 aut
1149 4759 1284 4818 terrentis
1308 4777 1388 4834 aquas
1411 4762 1513 4820 liaustu
1527 4780 1536 4818 :
1550 4781 1624 4834 reus,
1640 4781 1741 4837 pecca·

951 4840 1042 4888 torum
1065 4828 1245 4888 cotricssione
1269 4835 1347 4904 prius
1370 4835 1575 4892 conscientiam
1600 4837 1742 4910 expiabat,

951 4900 1067 4968 terrum,
1090 4901 1134 4957 vel
1150 4917 1232 4973 aqna,
1250 4905 1405 4962 sacerdotis
1428 4913 1491 4977 post
1515 4907 1642 4977 missam,
1660 4923 1743 4981 prece

951 4971 1136 5040 lustrabatur,
1158 4987 1256 5031 eorum
1281 4977 1394 5034 tandem
1419 4984 1538 5048 attactu,
1564 4981 1607 5036 vel
1629 4982 1744 5053 pedone

951 5044 998 5115 qui
1020 5043 1176 5113 perieulum
1198 5047 1356 5106 evasissent
1377 5049 1505 5106 crinriois
1523 5050 1626 5123 objecti
1648 5054 1741 5126 suspi-

950 5113 1073 5182 cionem,
1083 5113 1287 5200 infamiamque
1299 5120 1469 5192 perpetrant.
1477 5122 1575 5193 Neque
1586 5123 1742 5182 Gothorum

951 5191 1059 5266 tanturn
1076 5185 1122 5242 luc
1135 5202 1196 5244 mos
1212 5187 1272 5258 luit,
1284 5191 1334 5248 sed
1350 5192 1384 5248 ab
1397 5192 1459 5248 alliis
1472 5193 1616 5265 Hispaniae
1627 5196 1744 5267 regibus

951 5263 1147 5383 ahtotentatem
1174 5257 1287 5332 babuit,
1311 5265 1469 5334 ceterisque
1497 5265 1631 5336 gentibus
1656 5267 1742 5324 etiam

950 5341 966 5384 c
988 5342 1027 5383 ns
1041 5341 1122 5385 laura.

987 5397 1028 5480 tt)
1048 5399 1085 5456 Co
1108 5398 1170 5456 titre
1186 5409 1229 5458 est
1243 5402 1269 5458 le
1284 5404 1332 5459 31θ
1351 5403 1386 5462 do
1405 5406 1431 5461 la
1449 5407 1616 5477 Corttpitutio
1635 5411 1741 5476 prime,

951 5484 998 5550 qut
1023 5468 1067 5526 n’a
1093 5469 1225 5528 toutefois
1247 5489 1301 5544 que
1322 5475 1348 5530 la
1373 5475 1496 5534 seconde
1538 5480 1608 5534 artie
1631 5479 1667 5534 de
1690 5495 1744 5534 sou

951 5539 1070 5622 enelred,
1085 5542 1118 5595 de
1132 5541 1233 5598 damno
1253 5545 1327 5600 doto.
1349 5547 1371 5603 ll
1390 5554 1433 5603 est
1450 5548 1475 5604 le
1493 5495 1541 5604 380
1563 5549 1615 5606 des
1633 5549 1741 5606 Deerat.

951 5611 1158 5678 Grrportcuucs.

987 5680 1028 5752 (d)
1042 5679 1187 5750 Episcopo,
1196 5685 1221 5735 rt
1231 5684 1351 5740 ecclesiis
1364 5687 1605 5744 Frcrrlanensibns.
1623 5689 1740 5756 chulte,

952 5751 1065 5816 Firsotr,
1078 5749 1129 5806 snb
1143 5749 1357 5826 nrclriepiscopo
1369 5757 1530 5814 llorentino
1543 5757 1577 5814 ad
1589 5757 1644 5815 duo
1655 5761 1743 5818 millia
