<?xml version="1.0" encoding="UTF-8"?>
<!DOCTYPE html PUBLIC "-//W3C//DTD XHTML 1.0 Transitional//EN"
    "http://www.w3.org/TR/xhtml1/DTD/xhtml1-transitional.dtd">
<html xmlns="http://www.w3.org/1999/xhtml" xml:lang="en" lang="en">
 <head>
  <title>
</title>
<meta http-equiv="Content-Type" content="text/html;charset=utf-8" />
  <meta name='ocr-system' content='tesseract 3.04.00' />
  <meta name='ocr-capabilities' content='ocr_page ocr_carea ocr_par ocr_line ocrx_word'/>
</head>
<body>
  <div class='ocr_page' id='page_1' title='image "./mediiaevibiblio03unkngoog_0433.png"; bbox 0 0 4004 6302; ppageno 0'>
   <div class='ocr_carea' id='block_1_1' title="bbox 259 378 1914 470">
    <p class='ocr_par' dir='ltr' id='par_1_1' title="bbox 259 378 1914 470">
     <span class='ocr_line' id='line_1_1' title="bbox 259 378 1914 470; baseline 0.002 -17"><span class='ocrx_word' id='word_1_1' title='bbox 259 391 320 470; x_wconf 75' lang='grc'>783</span> <span class='ocrx_word' id='word_1_2' title='bbox 723 387 901 454; x_wconf 84' lang='lat' dir='ltr'>HONORII</span> <span class='ocrx_word' id='word_1_3' title='bbox 922 378 968 466; x_wconf 79' lang='lat' dir='ltr'>Ill</span> <span class='ocrx_word' id='word_1_4' title='bbox 989 387 1137 450; x_wconf 77' lang='lat' dir='ltr'>OPERA.</span> <span class='ocrx_word' id='word_1_5' title='bbox 1154 416 1193 432; x_wconf 90' lang='lat'>-</span> <span class='ocrx_word' id='word_1_6' title='bbox 1209 389 1443 470; x_wconf 24' lang='lat' dir='ltr'>scamellos..</span> <span class='ocrx_word' id='word_1_7' title='bbox 1538 417 1540 422; x_wconf 95' lang='lat'>·</span> <span class='ocrx_word' id='word_1_8' title='bbox 1843 391 1914 456; x_wconf 68' lang='lat'>³784</span> 
     </span>
    </p>
   </div>
   <div class='ocr_carea' id='block_1_2' title="bbox 255 546 1972 5821">
    <p class='ocr_par' dir='ltr' id='par_1_2' title="bbox 255 546 1972 5821">
     <span class='ocr_line' id='line_1_2' title="bbox 261 546 1914 632; baseline 0.002 -18"><span class='ocrx_word' id='word_1_9' title='bbox 261 547 347 632; x_wconf 87' lang='lat' dir='ltr'>(Act.</span> <span class='ocrx_word' id='word_1_10' title='bbox 369 564 405 624; x_wconf 90' lang='lat'>11,</span> <span class='ocrx_word' id='word_1_11' title='bbox 421 547 466 632; x_wconf 83' lang='grc'>3).</span> <span class='ocrx_word' id='word_1_12' title='bbox 487 547 633 612; x_wconf 81' lang='lat' dir='ltr'>remam</span> <span class='ocrx_word' id='word_1_13' title='bbox 651 546 752 613; x_wconf 89' lang='lat' dir='ltr'>faciet</span> <span class='ocrx_word' id='word_1_14' title='bbox 765 547 883 623; x_wconf 77' lang='lat' dir='ltr'>Filius,</span> <span class='ocrx_word' id='word_1_15' title='bbox 906 565 981 611; x_wconf 90' lang='lat' dir='ltr'>cum</span> <span class='ocrx_word' id='word_1_16' title='bbox 1002 563 1058 612; x_wconf 89' lang='lat' dir='ltr'>se-</span> <span class='ocrx_word' id='word_1_17' title='bbox 1111 546 1230 613; x_wconf 90' lang='lat' dir='ltr'>derunt</span> <span class='ocrx_word' id='word_1_18' title='bbox 1243 563 1319 612; x_wconf 90' lang='lat' dir='ltr'>oum</span> <span class='ocrx_word' id='word_1_19' title='bbox 1334 549 1482 612; x_wconf 89' lang='lat' dir='ltr'>humana</span> <span class='ocrx_word' id='word_1_20' title='bbox 1495 547 1687 629; x_wconf 89' lang='lat' dir='ltr'>patientem,</span> <span class='ocrx_word' id='word_1_21' title='bbox 1701 567 1768 614; x_wconf 91' lang='lat' dir='ltr'>non</span> <span class='ocrx_word' id='word_1_22' title='bbox 1783 567 1914 631; x_wconf 87' lang='lat' dir='ltr'>cogno·</span> 
     </span>
     <span class='ocr_line' id='line_1_3' title="bbox 261 647 1914 727; baseline 0.001 -16"><span class='ocrx_word' id='word_1_23' title='bbox 261 648 351 712; x_wconf 92' lang='lat' dir='ltr'>debit</span> <span class='ocrx_word' id='word_1_24' title='bbox 365 647 469 712; x_wconf 86' lang='lat' dir='ltr'>Filius</span> <span class='ocrx_word' id='word_1_25' title='bbox 482 647 627 710; x_wconf 86' lang='lat' dir='ltr'>bominis</span> <span class='ocrx_word' id='word_1_26' title='bbox 639 647 674 709; x_wconf 91' lang='lat' dir='ltr'>in</span> <span class='ocrx_word' id='word_1_27' title='bbox 687 647 764 710; x_wconf 88' lang='lat' dir='ltr'>sede</span> <span class='ocrx_word' id='word_1_28' title='bbox 777 647 961 727; x_wconf 80' lang='lat' dir='ltr'>majestatis</span> <span class='ocrx_word' id='word_1_29' title='bbox 974 661 1054 720; x_wconf 81' lang='lat' dir='ltr'>suae,</span> <span class='ocrx_word' id='word_1_30' title='bbox 1108 647 1231 710; x_wconf 80' lang='lat' dir='ltr'>rerunt</span> <span class='ocrx_word' id='word_1_31' title='bbox 1244 663 1319 708; x_wconf 91' lang='lat' dir='ltr'>eum</span> <span class='ocrx_word' id='word_1_32' title='bbox 1334 663 1408 711; x_wconf 88' lang='lat' dir='ltr'>esse</span> <span class='ocrx_word' id='word_1_33' title='bbox 1422 650 1536 722; x_wconf 88' lang='lat' dir='ltr'>Deum,</span> <span class='ocrx_word' id='word_1_34' title='bbox 1550 649 1635 711; x_wconf 88' lang='lat' dir='ltr'>siout</span> <span class='ocrx_word' id='word_1_35' title='bbox 1645 649 1811 712; x_wconf 90' lang='lat' dir='ltr'>dicitnrin</span> <span class='ocrx_word' id='word_1_36' title='bbox 1822 651 1914 712; x_wconf 90' lang='lat' dir='ltr'>libro</span> 
     </span>
     <span class='ocr_line' id='line_1_4' title="bbox 261 744 1913 824; baseline 0.001 -16"><span class='ocrx_word' id='word_1_37' title='bbox 261 747 295 810; x_wconf 92' lang='lat' dir='ltr'>et</span> <span class='ocrx_word' id='word_1_38' title='bbox 318 746 607 824; x_wconf 88' lang='lat' dir='ltr'>congregabuntur</span> <span class='ocrx_word' id='word_1_39' title='bbox 630 761 743 808; x_wconf 90' lang='lat' dir='ltr'>omnes</span> <span class='ocrx_word' id='word_1_40' title='bbox 762 746 889 824; x_wconf 83' lang='lat' dir='ltr'>gentes,</span> <span class='ocrx_word' id='word_1_41' title='bbox 905 746 939 808; x_wconf 92' lang='lat' dir='ltr'>et</span> <span class='ocrx_word' id='word_1_42' title='bbox 959 761 1058 824; x_wconf 91' lang='lat' dir='ltr'>sepa·</span> <span class='ocrx_word' id='word_1_43' title='bbox 1112 744 1290 823; x_wconf 87' lang='lat' dir='ltr'>Sapientiae</span> <span class='ocrx_word' id='word_1_44' title='bbox 1307 767 1316 806; x_wconf 71' lang='grc' dir='ltr'><strong>ε</strong></span> <span class='ocrx_word' id='word_1_45' title='bbox 1331 748 1530 809; x_wconf 78' lang='lat' dir='ltr'>Eacaecovll</span> <span class='ocrx_word' id='word_1_46' title='bbox 1548 750 1622 810; x_wconf 80' lang='lat' dir='ltr'>illos</span> <span class='ocrx_word' id='word_1_47' title='bbox 1638 749 1773 810; x_wconf 82' lang='lat' dir='ltr'>molitio</span> <span class='ocrx_word' id='word_1_48' title='bbox 1786 764 1913 812; x_wconf 68' lang='lat' dir='ltr'>eorum</span> 
     </span>
     <span class='ocr_line' id='line_1_5' title="bbox 260 840 1912 924; baseline 0 -16"><span class='ocrx_word' id='word_1_49' title='bbox 260 844 424 908; x_wconf 83' lang='lat' dir='ltr'>rabuntur</span> <span class='ocrx_word' id='word_1_50' title='bbox 445 860 558 906; x_wconf 90' lang='lat' dir='ltr'>omnes</span> <span class='ocrx_word' id='word_1_51' title='bbox 582 844 623 905; x_wconf 88' lang='lat' dir='ltr'>ad</span> <span class='ocrx_word' id='word_1_52' title='bbox 648 844 801 918; x_wconf 84' lang='lat' dir='ltr'>invicem,</span> <span class='ocrx_word' id='word_1_53' title='bbox 817 845 904 908; x_wconf 90' lang='lat' dir='ltr'>sicut</span> <span class='ocrx_word' id='word_1_54' title='bbox 925 844 1057 922; x_wconf 88' lang='lat' dir='ltr'>separat</span> <span class='ocrx_word' id='word_1_55' title='bbox 1112 840 1203 922; x_wconf 91' lang='lat' dir='ltr'>(Sap.</span> <span class='ocrx_word' id='word_1_56' title='bbox 1221 859 1257 916; x_wconf 90' lang='lat'>11,</span> <span class='ocrx_word' id='word_1_57' title='bbox 1273 842 1338 924; x_wconf 80' lang='lat'>21).</span> <span class='ocrx_word' id='word_1_58' title='bbox 1363 844 1457 907; x_wconf 90' lang='lat' dir='ltr'>Unde</span> <span class='ocrx_word' id='word_1_59' title='bbox 1477 845 1604 923; x_wconf 90' lang='lat' dir='ltr'>primus</span> <span class='ocrx_word' id='word_1_60' title='bbox 1629 845 1788 908; x_wconf 87' lang='lat' dir='ltr'>Dominus</span> <span class='ocrx_word' id='word_1_61' title='bbox 1811 847 1912 924; x_wconf 84' lang='lat' dir='ltr'>quasi</span> 
     </span>
     <span class='ocr_line' id='line_1_6' title="bbox 260 940 1907 1026; baseline -0.001 -21"><span class='ocrx_word' id='word_1_62' title='bbox 260 943 464 1021; x_wconf 85' lang='lat' dir='ltr'>pastoroves</span> <span class='ocrx_word' id='word_1_63' title='bbox 477 941 519 1004; x_wconf 87' lang='lat' dir='ltr'>ab</span> <span class='ocrx_word' id='word_1_64' title='bbox 533 941 709 1005; x_wconf 75' lang='lat' dir='ltr'>hadisbe</span> <span class='ocrx_word' id='word_1_65' title='bbox 722 943 829 1020; x_wconf 90' lang='lat' dir='ltr'>prima</span> <span class='ocrx_word' id='word_1_66' title='bbox 843 942 879 1004; x_wconf 90' lang='lat' dir='ltr'>in</span> <span class='ocrx_word' id='word_1_67' title='bbox 894 942 1056 1004; x_wconf 88' lang='lat' dir='ltr'>Psalterio</span> <span class='ocrx_word' id='word_1_68' title='bbox 1111 940 1238 1020; x_wconf 82' lang='lat' dir='ltr'>plangit</span> <span class='ocrx_word' id='word_1_69' title='bbox 1262 941 1419 1004; x_wconf 89' lang='lat' dir='ltr'>duritiam</span> <span class='ocrx_word' id='word_1_70' title='bbox 1439 941 1589 1020; x_wconf 88' lang='lat' dir='ltr'>reprobae</span> <span class='ocrx_word' id='word_1_71' title='bbox 1613 958 1806 1021; x_wconf 76' lang='lat' dir='ltr'>synagogae,</span> <span class='ocrx_word' id='word_1_72' title='bbox 1829 961 1907 1026; x_wconf 82' lang='lat' dir='ltr'>quae</span> 
     </span>
     <span class='ocr_line' id='line_1_7' title="bbox 261 1038 1912 1119; baseline 0.001 -19"><span class='ocrx_word' id='word_1_73' title='bbox 261 1039 1059 1118; x_wconf 73' lang='lat' dir='ltr'>diciturzdsttterualregesterroeetprloetpes</span> <span class='ocrx_word' id='word_1_74' title='bbox 1111 1053 1131 1100; x_wconf 89' lang='lat' dir='ltr'>a</span> <span class='ocrx_word' id='word_1_75' title='bbox 1157 1040 1225 1100; x_wconf 89' lang='lat' dir='ltr'>Deo</span> <span class='ocrx_word' id='word_1_76' title='bbox 1245 1038 1443 1102; x_wconf 90' lang='lat' dir='ltr'>induruerat</span> <span class='ocrx_word' id='word_1_77' title='bbox 1455 1039 1492 1102; x_wconf 90' lang='lat' dir='ltr'>in</span> <span class='ocrx_word' id='word_1_78' title='bbox 1505 1038 1661 1118; x_wconf 88' lang='lat' dir='ltr'>peccatis,</span> <span class='ocrx_word' id='word_1_79' title='bbox 1678 1042 1714 1102; x_wconf 92' lang='lat' dir='ltr'>ut</span> <span class='ocrx_word' id='word_1_80' title='bbox 1727 1041 1912 1119; x_wconf 89' lang='lat' dir='ltr'>prophetas</span> 
     </span>
     <span class='ocr_line' id='line_1_8' title="bbox 260 1136 1913 1216; baseline -0.001 -14"><span class='ocrx_word' id='word_1_81' title='bbox 260 1140 498 1202; x_wconf 80' lang='lat' dir='ltr'>convenerunt</span> <span class='ocrx_word' id='word_1_82' title='bbox 511 1141 548 1200; x_wconf 82' lang='lat' dir='ltr'>io</span> <span class='ocrx_word' id='word_1_83' title='bbox 562 1154 672 1202; x_wconf 80' lang='lat' dir='ltr'>uuum</span> <span class='ocrx_word' id='word_1_84' title='bbox 689 1141 858 1200; x_wconf 76' lang='lat' dir='ltr'>adversus</span> <span class='ocrx_word' id='word_1_85' title='bbox 871 1141 1059 1202; x_wconf 70' lang='lat' dir='ltr'>Delminum</span> <span class='ocrx_word' id='word_1_86' title='bbox 1111 1136 1277 1200; x_wconf 81' lang='lat' dir='ltr'>occideret</span> <span class='ocrx_word' id='word_1_87' title='bbox 1298 1138 1330 1201; x_wconf 89' lang='lat' dir='ltr'>et</span> <span class='ocrx_word' id='word_1_88' title='bbox 1350 1137 1526 1200; x_wconf 88' lang='lat' dir='ltr'>Dominum</span> <span class='ocrx_word' id='word_1_89' title='bbox 1545 1137 1792 1216; x_wconf 85' lang='lat' dir='ltr'>prophetarum,</span> <span class='ocrx_word' id='word_1_90' title='bbox 1809 1139 1842 1201; x_wconf 88' lang='lat' dir='ltr'>et</span> <span class='ocrx_word' id='word_1_91' title='bbox 1855 1139 1913 1201; x_wconf 90' lang='lat' dir='ltr'>la-</span> 
     </span>
     <span class='ocr_line' id='line_1_9' title="bbox 261 1233 1912 1316; baseline 0 -17"><span class='ocrx_word' id='word_1_92' title='bbox 261 1237 295 1300; x_wconf 89' lang='lat' dir='ltr'>el</span> <span class='ocrx_word' id='word_1_93' title='bbox 318 1241 487 1299; x_wconf 83' lang='lat' dir='ltr'>adversus</span> <span class='ocrx_word' id='word_1_94' title='bbox 507 1237 682 1300; x_wconf 72' lang='lat' dir='ltr'>Christum</span> <span class='ocrx_word' id='word_1_95' title='bbox 702 1239 778 1309; x_wconf 82' lang='lat' dir='ltr'>ejus</span> <span class='ocrx_word' id='word_1_96' title='bbox 799 1233 868 1315; x_wconf 90' lang='lat' dir='ltr'>(Ps.</span> <span class='ocrx_word' id='word_1_97' title='bbox 890 1237 921 1310; x_wconf 85' lang='lat'>2,</span> <span class='ocrx_word' id='word_1_98' title='bbox 943 1235 989 1316; x_wconf 82' lang='lat'>2).</span> <span class='ocrx_word' id='word_1_99' title='bbox 1009 1237 1057 1298; x_wconf 87' lang='lat' dir='ltr'>De</span> <span class='ocrx_word' id='word_1_100' title='bbox 1111 1233 1242 1313; x_wconf 89' lang='lat' dir='ltr'>pidaret</span> <span class='ocrx_word' id='word_1_101' title='bbox 1273 1250 1330 1298; x_wconf 92' lang='lat' dir='ltr'>eos</span> <span class='ocrx_word' id='word_1_102' title='bbox 1363 1235 1420 1315; x_wconf 92' lang='lat' dir='ltr'>qui</span> <span class='ocrx_word' id='word_1_103' title='bbox 1457 1235 1670 1298; x_wconf 84' lang='lat' dir='ltr'>mittebantur</span> <span class='ocrx_word' id='word_1_104' title='bbox 1698 1235 1739 1299; x_wconf 89' lang='lat' dir='ltr'>ad</span> <span class='ocrx_word' id='word_1_105' title='bbox 1766 1237 1912 1299; x_wconf 85' lang='lat' dir='ltr'>salutem</span> 
     </span>
     <span class='ocr_line' id='line_1_10' title="bbox 261 1331 1911 1411; baseline 0.001 -15"><span class='ocrx_word' id='word_1_106' title='bbox 261 1334 407 1396; x_wconf 89' lang='lat' dir='ltr'>secunda</span> <span class='ocrx_word' id='word_1_107' title='bbox 429 1334 510 1396; x_wconf 92' lang='lat' dir='ltr'>dicit</span> <span class='ocrx_word' id='word_1_108' title='bbox 530 1333 690 1396; x_wconf 89' lang='lat' dir='ltr'>Dominus</span> <span class='ocrx_word' id='word_1_109' title='bbox 713 1333 750 1395; x_wconf 91' lang='lat' dir='ltr'>in</span> <span class='ocrx_word' id='word_1_110' title='bbox 773 1333 979 1410; x_wconf 84' lang='lat' dir='ltr'>Evangelio:</span> <span class='ocrx_word' id='word_1_111' title='bbox 999 1337 1058 1396; x_wconf 80' lang='lat' dir='ltr'>Uol</span> <span class='ocrx_word' id='word_1_112' title='bbox 1112 1331 1301 1396; x_wconf 89' lang='lat' dir='ltr'>multorum.</span> <span class='ocrx_word' id='word_1_113' title='bbox 1322 1333 1417 1398; x_wconf 91' lang='lat' dir='ltr'>Unde</span> <span class='ocrx_word' id='word_1_114' title='bbox 1430 1334 1465 1396; x_wconf 91' lang='lat' dir='ltr'>in</span> <span class='ocrx_word' id='word_1_115' title='bbox 1480 1334 1660 1411; x_wconf 79' lang='lat' dir='ltr'>Evangelio</span> <span class='ocrx_word' id='word_1_116' title='bbox 1676 1355 1685 1396; x_wconf 73' lang='lat' dir='ltr'>z</span> <span class='ocrx_word' id='word_1_117' title='bbox 1699 1337 1911 1404; x_wconf 76' lang='lat' dir='ltr'>Jerusalem,</span> 
     </span>
     <span class='ocr_line' id='line_1_11' title="bbox 260 1433 1914 1509; baseline 0.001 -15"><span class='ocrx_word' id='word_1_118' title='bbox 260 1433 327 1494; x_wconf 83' lang='lat' dir='ltr'>doc</span> <span class='ocrx_word' id='word_1_119' title='bbox 341 1434 403 1495; x_wconf 84' lang='lat' dir='ltr'>out</span> <span class='ocrx_word' id='word_1_120' title='bbox 415 1433 488 1494; x_wconf 86' lang='lat' dir='ltr'>lres</span> <span class='ocrx_word' id='word_1_121' title='bbox 501 1433 700 1509; x_wconf 74' lang='lat' dir='ltr'>congregati</span> <span class='ocrx_word' id='word_1_122' title='bbox 714 1433 846 1506; x_wconf 65' lang='lat' dir='ltr'>memet</span> <span class='ocrx_word' id='word_1_123' title='bbox 864 1435 901 1493; x_wconf 81' lang='lat' dir='ltr'>tn</span> <span class='ocrx_word' id='word_1_124' title='bbox 919 1435 1058 1494; x_wconf 78' lang='lat' dir='ltr'>aeolice</span> <span class='ocrx_word' id='word_1_125' title='bbox 1111 1435 1409 1508; x_wconf 70' lang='lat' dir='ltr'>formulamque</span> <span class='ocrx_word' id='word_1_126' title='bbox 1427 1435 1551 1496; x_wconf 79' lang='lat' dir='ltr'>occidis</span> <span class='ocrx_word' id='word_1_127' title='bbox 1561 1433 1758 1509; x_wconf 78' lang='lat' dir='ltr'>propbetas,</span> <span class='ocrx_word' id='word_1_128' title='bbox 1773 1433 1807 1494; x_wconf 83' lang='lat' dir='ltr'>et</span> <span class='ocrx_word' id='word_1_129' title='bbox 1820 1435 1914 1508; x_wconf 82' lang='lat' dir='ltr'>lepl-</span> 
     </span>
     <span class='ocr_line' id='line_1_12' title="bbox 260 1528 1911 1611; baseline -0.001 -17"><span class='ocrx_word' id='word_1_130' title='bbox 260 1545 337 1594; x_wconf 86' lang='lat' dir='ltr'>mee</span> <span class='ocrx_word' id='word_1_131' title='bbox 363 1528 493 1611; x_wconf 88' lang='lat' dir='ltr'>(Mattb.</span> <span class='ocrx_word' id='word_1_132' title='bbox 516 1545 611 1602; x_wconf 80' lang='lat' dir='ltr'>xvm,</span> <span class='ocrx_word' id='word_1_133' title='bbox 634 1529 698 1606; x_wconf 85' lang='lat'>20).</span> <span class='ocrx_word' id='word_1_134' title='bbox 722 1531 770 1591; x_wconf 87' lang='lat' dir='ltr'>De</span> <span class='ocrx_word' id='word_1_135' title='bbox 790 1529 891 1592; x_wconf 86' lang='lat' dir='ltr'>tertia</span> <span class='ocrx_word' id='word_1_136' title='bbox 905 1529 986 1593; x_wconf 89' lang='lat' dir='ltr'>dicit</span> <span class='ocrx_word' id='word_1_137' title='bbox 1005 1529 1059 1596; x_wconf 81' lang='lat' dir='ltr'>rir</span> <span class='ocrx_word' id='word_1_138' title='bbox 1112 1533 1174 1592; x_wconf 82' lang='lat' dir='ltr'>dos</span> <span class='ocrx_word' id='word_1_139' title='bbox 1188 1545 1256 1604; x_wconf 85' lang='lat' dir='ltr'>eos,</span> <span class='ocrx_word' id='word_1_140' title='bbox 1271 1534 1330 1605; x_wconf 82' lang='lat' dir='ltr'>qul</span> <span class='ocrx_word' id='word_1_141' title='bbox 1342 1533 1388 1593; x_wconf 86' lang='lat' dir='ltr'>od</span> <span class='ocrx_word' id='word_1_142' title='bbox 1401 1531 1434 1593; x_wconf 88' lang='lat' dir='ltr'>te</span> <span class='ocrx_word' id='word_1_143' title='bbox 1448 1534 1547 1593; x_wconf 82' lang='lat' dir='ltr'>missi</span> <span class='ocrx_word' id='word_1_144' title='bbox 1563 1531 1647 1592; x_wconf 80' lang='lat' dir='ltr'>sunl</span> <span class='ocrx_word' id='word_1_145' title='bbox 1661 1529 1790 1611; x_wconf 84' lang='lat' dir='ltr'>(maun.</span> <span class='ocrx_word' id='word_1_146' title='bbox 1807 1545 1911 1604; x_wconf 83' lang='lat' dir='ltr'>xxm,</span> 
     </span>
     <span class='ocr_line' id='line_1_13' title="bbox 256 1627 1912 1708; baseline -0.001 -19"><span class='ocrx_word' id='word_1_147' title='bbox 256 1629 368 1708; x_wconf 90' lang='lat' dir='ltr'>justus</span> <span class='ocrx_word' id='word_1_148' title='bbox 387 1629 423 1689; x_wconf 93' lang='lat' dir='ltr'>in</span> <span class='ocrx_word' id='word_1_149' title='bbox 440 1627 573 1690; x_wconf 86' lang='lat' dir='ltr'>Psalmo</span> <span class='ocrx_word' id='word_1_150' title='bbox 594 1647 602 1688; x_wconf 76' lang='grc' dir='ltr'><strong><em>ε</em></strong></span> <span class='ocrx_word' id='word_1_151' title='bbox 626 1629 818 1700; x_wconf 70' lang='lat' dir='ltr'>confitebor</span> <span class='ocrx_word' id='word_1_152' title='bbox 832 1629 891 1690; x_wconf 81' lang='lat' dir='ltr'>llll</span> <span class='ocrx_word' id='word_1_153' title='bbox 913 1631 1057 1690; x_wconf 73' lang='lat' dir='ltr'>Domine</span> <span class='ocrx_word' id='word_1_154' title='bbox 1111 1627 1177 1708; x_wconf 86' lang='grc'><strong>37).</strong></span> <span class='ocrx_word' id='word_1_155' title='bbox 1204 1629 1289 1690; x_wconf 90' lang='lat' dir='ltr'>Nam</span> <span class='ocrx_word' id='word_1_156' title='bbox 1315 1628 1356 1690; x_wconf 91' lang='lat' dir='ltr'>de</span> <span class='ocrx_word' id='word_1_157' title='bbox 1376 1644 1545 1707; x_wconf 88' lang='lat' dir='ltr'>synagoga</span> <span class='ocrx_word' id='word_1_158' title='bbox 1564 1628 1635 1690; x_wconf 88' lang='lat' dir='ltr'>nati</span> <span class='ocrx_word' id='word_1_159' title='bbox 1654 1628 1732 1690; x_wconf 91' lang='lat' dir='ltr'>sunt</span> <span class='ocrx_word' id='word_1_160' title='bbox 1744 1627 1912 1706; x_wconf 81' lang='lat' dir='ltr'>primitivi</span> 
     </span>
     <span class='ocr_line' id='line_1_14' title="bbox 260 1723 1912 1806; baseline -0.001 -18"><span class='ocrx_word' id='word_1_161' title='bbox 260 1731 299 1790; x_wconf 83' lang='lat' dir='ltr'>lc</span> <span class='ocrx_word' id='word_1_162' title='bbox 314 1727 494 1790; x_wconf 87' lang='lat' dir='ltr'>totocorde</span> <span class='ocrx_word' id='word_1_163' title='bbox 505 1740 593 1798; x_wconf 85' lang='lat' dir='ltr'>meo,</span> <span class='ocrx_word' id='word_1_164' title='bbox 605 1729 642 1787; x_wconf 84' lang='lat' dir='ltr'>la</span> <span class='ocrx_word' id='word_1_165' title='bbox 655 1729 832 1789; x_wconf 74' lang='lat' dir='ltr'>concillo...</span> <span class='ocrx_word' id='word_1_166' title='bbox 850 1724 917 1800; x_wconf 91' lang='lat' dir='ltr'>(Ps.</span> <span class='ocrx_word' id='word_1_167' title='bbox 930 1728 998 1800; x_wconf 85' lang='lat'>110,</span> <span class='ocrx_word' id='word_1_168' title='bbox 1011 1723 1055 1806; x_wconf 83' lang='lat'>1).</span> <span class='ocrx_word' id='word_1_169' title='bbox 1112 1725 1237 1799; x_wconf 87' lang='lat' dir='ltr'>fideles,</span> <span class='ocrx_word' id='word_1_170' title='bbox 1261 1726 1302 1788; x_wconf 92' lang='lat' dir='ltr'>de</span> <span class='ocrx_word' id='word_1_171' title='bbox 1328 1742 1392 1805; x_wconf 89' lang='lat' dir='ltr'>qua</span> <span class='ocrx_word' id='word_1_172' title='bbox 1418 1727 1599 1788; x_wconf 90' lang='lat' dir='ltr'>secundum</span> <span class='ocrx_word' id='word_1_173' title='bbox 1627 1741 1761 1788; x_wconf 89' lang='lat' dir='ltr'>carnem</span> <span class='ocrx_word' id='word_1_174' title='bbox 1781 1727 1815 1788; x_wconf 91' lang='lat' dir='ltr'>at</span> <span class='ocrx_word' id='word_1_175' title='bbox 1835 1726 1912 1804; x_wconf 87' lang='lat' dir='ltr'>ipse</span> 
     </span>
     <span class='ocr_line' id='line_1_15' title="bbox 262 1822 1914 1902; baseline -0.001 -16"><span class='ocrx_word' id='word_1_176' title='bbox 262 1827 349 1886; x_wconf 88' lang='lat' dir='ltr'>Sane</span> <span class='ocrx_word' id='word_1_177' title='bbox 364 1839 481 1902; x_wconf 89' lang='lat' dir='ltr'>parum</span> <span class='ocrx_word' id='word_1_178' title='bbox 495 1823 590 1885; x_wconf 89' lang='lat' dir='ltr'>timet</span> <span class='ocrx_word' id='word_1_179' title='bbox 611 1822 764 1885; x_wconf 85' lang='lat' dir='ltr'>diabolus</span> <span class='ocrx_word' id='word_1_180' title='bbox 783 1824 986 1902; x_wconf 88' lang='lat' dir='ltr'>jejunantes,</span> <span class='ocrx_word' id='word_1_181' title='bbox 1000 1825 1057 1885; x_wconf 84' lang='lat' dir='ltr'>vi·</span> <span class='ocrx_word' id='word_1_182' title='bbox 1113 1824 1263 1886; x_wconf 86' lang='lat' dir='ltr'>Christus</span> <span class='ocrx_word' id='word_1_183' title='bbox 1274 1824 1372 1885; x_wconf 89' lang='lat' dir='ltr'>natus</span> <span class='ocrx_word' id='word_1_184' title='bbox 1383 1823 1745 1901; x_wconf 84' lang='lat' dir='ltr'>estUndeApostolus:</span> <span class='ocrx_word' id='word_1_185' title='bbox 1756 1827 1914 1892; x_wconf 66' lang='lat' dir='ltr'>Quorum</span> 
     </span>
     <span class='ocr_line' id='line_1_16' title="bbox 260 1920 1914 2002; baseline 0.001 -20"><span class='ocrx_word' id='word_1_186' title='bbox 260 1922 403 1999; x_wconf 81' lang='lat' dir='ltr'>gilantes</span> <span class='ocrx_word' id='word_1_187' title='bbox 430 1921 463 1983; x_wconf 91' lang='lat' dir='ltr'>et</span> <span class='ocrx_word' id='word_1_188' title='bbox 488 1920 705 1995; x_wconf 78' lang='lat' dir='ltr'>continentes,</span> <span class='ocrx_word' id='word_1_189' title='bbox 730 1923 808 2002; x_wconf 90' lang='lat' dir='ltr'>quia</span> <span class='ocrx_word' id='word_1_190' title='bbox 831 1923 898 1985; x_wconf 84' lang='lat' dir='ltr'>tam</span> <span class='ocrx_word' id='word_1_191' title='bbox 925 1922 966 1984; x_wconf 93' lang='lat' dir='ltr'>de</span> <span class='ocrx_word' id='word_1_192' title='bbox 989 1921 1057 1984; x_wconf 90' lang='lat' dir='ltr'>illis</span> <span class='ocrx_word' id='word_1_193' title='bbox 1111 1923 1250 1996; x_wconf 84' lang='lat' dir='ltr'>Patres,</span> <span class='ocrx_word' id='word_1_194' title='bbox 1262 1923 1297 1984; x_wconf 88' lang='lat' dir='ltr'>el</span> <span class='ocrx_word' id='word_1_195' title='bbox 1305 1937 1352 1983; x_wconf 80' lang='lat' dir='ltr'>ecc</span> <span class='ocrx_word' id='word_1_196' title='bbox 1362 1925 1482 1998; x_wconf 81' lang='lat' dir='ltr'>quibos</span> <span class='ocrx_word' id='word_1_197' title='bbox 1492 1923 1659 1994; x_wconf 74' lang='lat' dir='ltr'>cbristus,</span> <span class='ocrx_word' id='word_1_198' title='bbox 1672 1923 1838 1996; x_wconf 77' lang='lat' dir='ltr'>videlieet,</span> <span class='ocrx_word' id='word_1_199' title='bbox 1848 1938 1914 1984; x_wconf 83' lang='lat' dir='ltr'>no·</span> 
     </span>
     <span class='ocr_line' id='line_1_17' title="bbox 261 2019 1972 2098; baseline -0.001 -17"><span class='ocrx_word' id='word_1_200' title='bbox 261 2036 359 2098; x_wconf 88' lang='lat' dir='ltr'>quam</span> <span class='ocrx_word' id='word_1_201' title='bbox 385 2020 426 2082; x_wconf 91' lang='lat' dir='ltr'>de</span> <span class='ocrx_word' id='word_1_202' title='bbox 457 2020 531 2082; x_wconf 91' lang='lat' dir='ltr'>istis</span> <span class='ocrx_word' id='word_1_203' title='bbox 563 2020 668 2082; x_wconf 77' lang='lat' dir='ltr'>traxit</span> <span class='ocrx_word' id='word_1_204' title='bbox 691 2021 726 2081; x_wconf 93' lang='lat' dir='ltr'>in</span> <span class='ocrx_word' id='word_1_205' title='bbox 752 2021 908 2098; x_wconf 88' lang='lat' dir='ltr'>laqueum</span> <span class='ocrx_word' id='word_1_206' title='bbox 936 2021 1055 2094; x_wconf 85' lang='lat' dir='ltr'>ruinae,</span> <span class='ocrx_word' id='word_1_207' title='bbox 1113 2022 1169 2082; x_wconf 84' lang='lat' dir='ltr'>los</span> <span class='ocrx_word' id='word_1_208' title='bbox 1180 2021 1230 2084; x_wconf 87' lang='lat' dir='ltr'>est</span> <span class='ocrx_word' id='word_1_209' title='bbox 1244 2020 1425 2082; x_wconf 87' lang='lat' dir='ltr'>secundum</span> <span class='ocrx_word' id='word_1_210' title='bbox 1438 2035 1584 2094; x_wconf 88' lang='lat' dir='ltr'>carnem,</span> <span class='ocrx_word' id='word_1_211' title='bbox 1596 2020 1653 2097; x_wconf 91' lang='lat' dir='ltr'>qui</span> <span class='ocrx_word' id='word_1_212' title='bbox 1666 2019 1717 2081; x_wconf 90' lang='lat' dir='ltr'>est</span> <span class='ocrx_word' id='word_1_213' title='bbox 1729 2035 1830 2096; x_wconf 89' lang='lat' dir='ltr'>super</span> <span class='ocrx_word' id='word_1_214' title='bbox 1842 2035 1914 2081; x_wconf 89' lang='lat' dir='ltr'>om·</span> <span class='ocrx_word' id='word_1_215' title='bbox 1967 2084 1972 2094; x_wconf 69' lang='grc'>,</span> 
     </span>
     <span class='ocr_line' id='line_1_18' title="bbox 261 2117 1914 2182; baseline -0.001 -4"><span class='ocrx_word' id='word_1_216' title='bbox 261 2118 318 2180; x_wconf 90' lang='lat' dir='ltr'>sed</span> <span class='ocrx_word' id='word_1_217' title='bbox 334 2118 515 2180; x_wconf 90' lang='lat' dir='ltr'>concordes</span> <span class='ocrx_word' id='word_1_218' title='bbox 539 2118 572 2180; x_wconf 92' lang='lat' dir='ltr'>et</span> <span class='ocrx_word' id='word_1_219' title='bbox 593 2118 797 2180; x_wconf 88' lang='lat' dir='ltr'>unanimiter</span> <span class='ocrx_word' id='word_1_220' title='bbox 815 2118 1003 2180; x_wconf 86' lang='lat' dir='ltr'>habitantes</span> <span class='ocrx_word' id='word_1_221' title='bbox 1022 2118 1056 2180; x_wconf 94' lang='lat' dir='ltr'>in</span> <span class='ocrx_word' id='word_1_222' title='bbox 1111 2119 1169 2180; x_wconf 91' lang='lat' dir='ltr'>nia</span> <span class='ocrx_word' id='word_1_223' title='bbox 1180 2119 1374 2182; x_wconf 78' lang='lat' dir='ltr'>benedictus</span> <span class='ocrx_word' id='word_1_224' title='bbox 1385 2117 1420 2180; x_wconf 93' lang='lat' dir='ltr'>in</span> <span class='ocrx_word' id='word_1_225' title='bbox 1435 2117 1617 2180; x_wconf 84' lang='lat' dir='ltr'>saecula.Et</span> <span class='ocrx_word' id='word_1_226' title='bbox 1631 2117 1792 2180; x_wconf 91' lang='lat' dir='ltr'>ideodicit</span> <span class='ocrx_word' id='word_1_227' title='bbox 1805 2119 1914 2179; x_wconf 85' lang='lat' dir='ltr'>Evan-</span> 
     </span>
     <span class='ocr_line' id='line_1_19' title="bbox 261 2215 1910 2295; baseline 0.001 -19"><span class='ocrx_word' id='word_1_228' title='bbox 261 2215 359 2278; x_wconf 93' lang='lat' dir='ltr'>domo</span> <span class='ocrx_word' id='word_1_229' title='bbox 376 2215 508 2278; x_wconf 83' lang='lat' dir='ltr'>Domini</span> <span class='ocrx_word' id='word_1_230' title='bbox 529 2216 698 2294; x_wconf 70' lang='lat' dir='ltr'>comuncti</span> <span class='ocrx_word' id='word_1_231' title='bbox 717 2216 857 2278; x_wconf 90' lang='lat' dir='ltr'>Domino</span> <span class='ocrx_word' id='word_1_232' title='bbox 872 2217 905 2279; x_wconf 89' lang='lat' dir='ltr'>et</span> <span class='ocrx_word' id='word_1_233' title='bbox 919 2215 984 2278; x_wconf 92' lang='lat' dir='ltr'>sibi</span> <span class='ocrx_word' id='word_1_234' title='bbox 998 2233 1059 2294; x_wconf 92' lang='lat' dir='ltr'>per</span> <span class='ocrx_word' id='word_1_235' title='bbox 1111 2217 1235 2295; x_wconf 89' lang='lat' dir='ltr'>gelium</span> <span class='ocrx_word' id='word_1_236' title='bbox 1267 2237 1275 2278; x_wconf 74' lang='grc' dir='ltr'><strong>ε</strong></span> <span class='ocrx_word' id='word_1_237' title='bbox 1307 2217 1479 2295; x_wconf 92' lang='lat' dir='ltr'>postquam</span> <span class='ocrx_word' id='word_1_238' title='bbox 1508 2216 1659 2279; x_wconf 86' lang='lat' dir='ltr'>Christus</span> <span class='ocrx_word' id='word_1_239' title='bbox 1689 2231 1709 2277; x_wconf 91' lang='lat' dir='ltr'>a</span> <span class='ocrx_word' id='word_1_240' title='bbox 1737 2231 1910 2294; x_wconf 89' lang='lat' dir='ltr'>synagoga</span> 
     </span>
     <span class='ocr_line' id='line_1_20' title="bbox 259 2302 1913 2392; baseline 0.001 -18"><span class='ocrx_word' id='word_1_241' title='bbox 259 2313 430 2376; x_wconf 84' lang='lat' dir='ltr'>vinculum</span> <span class='ocrx_word' id='word_1_242' title='bbox 443 2302 1057 2388; x_wconf 78' lang='lat' dir='ltr'>charitalis,hidolorem,nitim0rem</span> <span class='ocrx_word' id='word_1_243' title='bbox 1112 2315 1269 2388; x_wconf 84' lang='lat' dir='ltr'>surrexit,</span> <span class='ocrx_word' id='word_1_244' title='bbox 1292 2313 1387 2385; x_wconf 90' lang='lat' dir='ltr'>idest,</span> <span class='ocrx_word' id='word_1_245' title='bbox 1415 2314 1587 2392; x_wconf 84' lang='lat' dir='ltr'>postquam</span> <span class='ocrx_word' id='word_1_246' title='bbox 1609 2314 1761 2375; x_wconf 86' lang='lat' dir='ltr'>Christus</span> <span class='ocrx_word' id='word_1_247' title='bbox 1782 2313 1913 2375; x_wconf 87' lang='lat' dir='ltr'>dimisit</span> 
     </span>
     <span class='ocr_line' id='line_1_21' title="bbox 260 2409 1912 2498; baseline -0.002 -24"><span class='ocrx_word' id='word_1_248' title='bbox 260 2411 297 2474; x_wconf 93' lang='lat' dir='ltr'>hi</span> <span class='ocrx_word' id='word_1_249' title='bbox 320 2412 460 2474; x_wconf 82' lang='lat' dir='ltr'>livorem</span> <span class='ocrx_word' id='word_1_250' title='bbox 486 2409 618 2473; x_wconf 88' lang='lat' dir='ltr'>diabolo</span> <span class='ocrx_word' id='word_1_251' title='bbox 643 2412 811 2488; x_wconf 88' lang='lat' dir='ltr'>ingerunt.</span> <span class='ocrx_word' id='word_1_252' title='bbox 841 2415 921 2474; x_wconf 78' lang='lat' dir='ltr'>Haec</span> <span class='ocrx_word' id='word_1_253' title='bbox 946 2412 1057 2474; x_wconf 81' lang='lat' dir='ltr'>unitas</span> <span class='ocrx_word' id='word_1_254' title='bbox 1111 2412 1323 2498; x_wconf 85' lang='lat' dir='ltr'>autdeseruit</span> <span class='ocrx_word' id='word_1_255' title='bbox 1335 2427 1536 2491; x_wconf 84' lang='lat' dir='ltr'>synagogam</span> <span class='ocrx_word' id='word_1_256' title='bbox 1547 2411 1681 2490; x_wconf 80' lang='lat' dir='ltr'>propter</span> <span class='ocrx_word' id='word_1_257' title='bbox 1690 2411 1863 2489; x_wconf 82' lang='lat' dir='ltr'>perfidiam</span> <span class='ocrx_word' id='word_1_258' title='bbox 1877 2410 1912 2472; x_wconf 89' lang='lat' dir='ltr'>et</span> 
     </span>
     <span class='ocr_line' id='line_1_22' title="bbox 260 2507 1913 2584; baseline -0.001 -13"><span class='ocrx_word' id='word_1_259' title='bbox 260 2507 482 2572; x_wconf 82' lang='lat' dir='ltr'>multitudinis</span> <span class='ocrx_word' id='word_1_260' title='bbox 502 2525 568 2570; x_wconf 92' lang='lat' dir='ltr'>non</span> <span class='ocrx_word' id='word_1_261' title='bbox 593 2509 700 2571; x_wconf 92' lang='lat' dir='ltr'>solum</span> <span class='ocrx_word' id='word_1_262' title='bbox 722 2508 850 2572; x_wconf 88' lang='lat' dir='ltr'>hostem</span> <span class='ocrx_word' id='word_1_263' title='bbox 872 2511 1055 2584; x_wconf 84' lang='lat' dir='ltr'>excruciat,</span> <span class='ocrx_word' id='word_1_264' title='bbox 1111 2510 1268 2572; x_wconf 87' lang='lat' dir='ltr'>duritiam</span> <span class='ocrx_word' id='word_1_265' title='bbox 1289 2510 1437 2572; x_wconf 92' lang='lat' dir='ltr'>cordium</span> <span class='ocrx_word' id='word_1_266' title='bbox 1460 2523 1575 2572; x_wconf 92' lang='lat' dir='ltr'>eorum</span> <span class='ocrx_word' id='word_1_267' title='bbox 1597 2511 1629 2571; x_wconf 90' lang='lat' dir='ltr'>et</span> <span class='ocrx_word' id='word_1_268' title='bbox 1652 2507 1773 2570; x_wconf 90' lang='lat' dir='ltr'>multas</span> <span class='ocrx_word' id='word_1_269' title='bbox 1795 2510 1913 2570; x_wconf 88' lang='lat' dir='ltr'>trans-</span> 
     </span>
     <span class='ocr_line' id='line_1_23' title="bbox 259 2605 1912 2686; baseline -0.001 -18"><span class='ocrx_word' id='word_1_270' title='bbox 259 2607 318 2668; x_wconf 89' lang='lat' dir='ltr'>sed</span> <span class='ocrx_word' id='word_1_271' title='bbox 344 2607 378 2668; x_wconf 88' lang='lat' dir='ltr'>et</span> <span class='ocrx_word' id='word_1_272' title='bbox 400 2606 464 2668; x_wconf 91' lang='lat' dir='ltr'>sibi</span> <span class='ocrx_word' id='word_1_273' title='bbox 488 2607 662 2668; x_wconf 88' lang='lat' dir='ltr'>Dominum</span> <span class='ocrx_word' id='word_1_274' title='bbox 686 2607 857 2680; x_wconf 87' lang='lat' dir='ltr'>conciliat,</span> <span class='ocrx_word' id='word_1_275' title='bbox 883 2608 962 2685; x_wconf 87' lang='lat' dir='ltr'>quia</span> <span class='ocrx_word' id='word_1_276' title='bbox 985 2608 1057 2686; x_wconf 91' lang='lat' dir='ltr'>ipse</span> <span class='ocrx_word' id='word_1_277' title='bbox 1110 2608 1312 2685; x_wconf 87' lang='lat' dir='ltr'>gressiones,</span> <span class='ocrx_word' id='word_1_278' title='bbox 1328 2608 1408 2669; x_wconf 89' lang='lat' dir='ltr'>tunc</span> <span class='ocrx_word' id='word_1_279' title='bbox 1421 2607 1495 2685; x_wconf 89' lang='lat' dir='ltr'>ipsa</span> <span class='ocrx_word' id='word_1_280' title='bbox 1511 2623 1626 2669; x_wconf 90' lang='lat' dir='ltr'>socrus</span> <span class='ocrx_word' id='word_1_281' title='bbox 1642 2606 1787 2668; x_wconf 88' lang='lat' dir='ltr'>Simonis</span> <span class='ocrx_word' id='word_1_282' title='bbox 1809 2605 1912 2683; x_wconf 85' lang='lat' dir='ltr'>coepit</span> 
     </span>
     <span class='ocr_line' id='line_1_24' title="bbox 259 2703 1910 2782; baseline -0.003 -14"><span class='ocrx_word' id='word_1_283' title='bbox 259 2704 401 2768; x_wconf 87' lang='lat' dir='ltr'>testatur</span> <span class='ocrx_word' id='word_1_284' title='bbox 419 2705 454 2765; x_wconf 91' lang='lat' dir='ltr'>in</span> <span class='ocrx_word' id='word_1_285' title='bbox 473 2704 642 2766; x_wconf 69' lang='lat' dir='ltr'>Cauneis:</span> <span class='ocrx_word' id='word_1_286' title='bbox 664 2706 868 2778; x_wconf 80' lang='lat' dir='ltr'>l&#39;olnerostl,</span> <span class='ocrx_word' id='word_1_287' title='bbox 884 2708 1055 2780; x_wconf 78' lang='lat' dir='ltr'>iuquiens,</span> <span class='ocrx_word' id='word_1_288' title='bbox 1111 2705 1240 2782; x_wconf 91' lang='lat' dir='ltr'>magnis</span> <span class='ocrx_word' id='word_1_289' title='bbox 1262 2705 1409 2766; x_wconf 78' lang='lat' dir='ltr'>febribus</span> <span class='ocrx_word' id='word_1_290' title='bbox 1429 2704 1582 2767; x_wconf 86' lang='lat' dir='ltr'>detineri.</span> <span class='ocrx_word' id='word_1_291' title='bbox 1603 2704 1724 2766; x_wconf 88' lang='lat' dir='ltr'>Notate</span> <span class='ocrx_word' id='word_1_292' title='bbox 1739 2703 1826 2781; x_wconf 92' lang='lat' dir='ltr'>quod</span> <span class='ocrx_word' id='word_1_293' title='bbox 1841 2719 1910 2764; x_wconf 92' lang='lat' dir='ltr'>non</span> 
     </span>
     <span class='ocr_line' id='line_1_25' title="bbox 255 2800 1909 2878; baseline -0.002 -14"><span class='ocrx_word' id='word_1_294' title='bbox 255 2817 785 2878; x_wconf 61' lang='lat' dir='ltr'>cormeommorormeospoasa,</span> <span class='ocrx_word' id='word_1_295' title='bbox 797 2805 989 2866; x_wconf 76' lang='lat' dir='ltr'>vulnerasti</span> <span class='ocrx_word' id='word_1_296' title='bbox 998 2819 1059 2866; x_wconf 89' lang='lat' dir='ltr'>cor</span> <span class='ocrx_word' id='word_1_297' title='bbox 1112 2803 1197 2867; x_wconf 74' lang='lat' dir='ltr'>dixit</span> <span class='ocrx_word' id='word_1_298' title='bbox 1211 2802 1312 2876; x_wconf 92' lang='lat' dir='ltr'>febre,</span> <span class='ocrx_word' id='word_1_299' title='bbox 1327 2802 1384 2864; x_wconf 89' lang='lat' dir='ltr'>sed</span> <span class='ocrx_word' id='word_1_300' title='bbox 1399 2801 1557 2874; x_wconf 80' lang='lat' dir='ltr'>febribus,</span> <span class='ocrx_word' id='word_1_301' title='bbox 1571 2801 1608 2864; x_wconf 90' lang='lat' dir='ltr'>ut</span> <span class='ocrx_word' id='word_1_302' title='bbox 1621 2800 1829 2877; x_wconf 85' lang='lat' dir='ltr'>intelligatur</span> <span class='ocrx_word' id='word_1_303' title='bbox 1842 2816 1909 2861; x_wconf 89' lang='lat' dir='ltr'>non</span> 
     </span>
     <span class='ocr_line' id='line_1_26' title="bbox 257 2898 1910 2976; baseline -0.001 -14"><span class='ocrx_word' id='word_1_304' title='bbox 257 2903 505 2962; x_wconf 77' lang='lat' dir='ltr'>meumlaaao</span> <span class='ocrx_word' id='word_1_305' title='bbox 517 2905 693 2962; x_wconf 70' lang='lat' dir='ltr'>ocummtm</span> <span class='ocrx_word' id='word_1_306' title='bbox 706 2901 1059 2974; x_wconf 76' lang='lat' dir='ltr'>talorum,luuaocla·</span> <span class='ocrx_word' id='word_1_307' title='bbox 1112 2917 1179 2963; x_wconf 87' lang='lat' dir='ltr'>nna</span> <span class='ocrx_word' id='word_1_308' title='bbox 1187 2900 1277 2964; x_wconf 91' lang='lat' dir='ltr'>febre</span> <span class='ocrx_word' id='word_1_309' title='bbox 1288 2900 1345 2963; x_wconf 92' lang='lat' dir='ltr'>sed</span> <span class='ocrx_word' id='word_1_310' title='bbox 1356 2901 1468 2963; x_wconf 88' lang='lat' dir='ltr'>multis</span> <span class='ocrx_word' id='word_1_311' title='bbox 1479 2899 1624 2963; x_wconf 89' lang='lat' dir='ltr'>febribus</span> <span class='ocrx_word' id='word_1_312' title='bbox 1634 2898 1817 2971; x_wconf 86' lang='lat' dir='ltr'>laborasse,</span> <span class='ocrx_word' id='word_1_313' title='bbox 1830 2899 1910 2976; x_wconf 90' lang='lat' dir='ltr'>quia</span> 
     </span>
     <span class='ocr_line' id='line_1_27' title="bbox 256 2996 1910 3078; baseline -0.001 -19"><span class='ocrx_word' id='word_1_314' title='bbox 256 2998 485 3071; x_wconf 70' lang='lat' dir='ltr'>anaocapllts</span> <span class='ocrx_word' id='word_1_315' title='bbox 496 2997 716 3078; x_wconf 65' lang='lat' dir='ltr'>fulmentis,</span> <span class='ocrx_word' id='word_1_316' title='bbox 727 2997 773 3078; x_wconf 86' lang='lat'>9).</span> <span class='ocrx_word' id='word_1_317' title='bbox 786 2998 1057 3073; x_wconf 87' lang='lat' dir='ltr'>idest,inunitate</span> <span class='ocrx_word' id='word_1_318' title='bbox 1111 3015 1281 3077; x_wconf 86' lang='lat' dir='ltr'>synagoga</span> <span class='ocrx_word' id='word_1_319' title='bbox 1297 2999 1488 3062; x_wconf 86' lang='lat' dir='ltr'>Judaeorum</span> <span class='ocrx_word' id='word_1_320' title='bbox 1510 2996 1640 3059; x_wconf 91' lang='lat' dir='ltr'>laborat</span> <span class='ocrx_word' id='word_1_321' title='bbox 1660 2997 1773 3058; x_wconf 91' lang='lat' dir='ltr'>multis</span> <span class='ocrx_word' id='word_1_322' title='bbox 1794 2997 1827 3058; x_wconf 90' lang='lat' dir='ltr'>et</span> <span class='ocrx_word' id='word_1_323' title='bbox 1848 3012 1910 3057; x_wconf 92' lang='lat' dir='ltr'>su-</span> 
     </span>
     <span class='ocr_line' id='line_1_28' title="bbox 258 3093 1911 3176; baseline -0.001 -20"><span class='ocrx_word' id='word_1_324' title='bbox 258 3096 1059 3172; x_wconf 85' lang='lat' dir='ltr'>praelatorumtuorumetsubditorum.UndePau-</span> <span class='ocrx_word' id='word_1_325' title='bbox 1112 3097 1248 3176; x_wconf 87' lang='lat' dir='ltr'>perfluis</span> <span class='ocrx_word' id='word_1_326' title='bbox 1263 3095 1549 3159; x_wconf 84' lang='lat' dir='ltr'>observationibus</span> <span class='ocrx_word' id='word_1_327' title='bbox 1568 3097 1663 3173; x_wconf 90' lang='lat' dir='ltr'>legis,</span> <span class='ocrx_word' id='word_1_328' title='bbox 1683 3095 1715 3157; x_wconf 89' lang='lat' dir='ltr'>et</span> <span class='ocrx_word' id='word_1_329' title='bbox 1729 3093 1823 3156; x_wconf 91' lang='lat' dir='ltr'>falsis</span> <span class='ocrx_word' id='word_1_330' title='bbox 1837 3096 1911 3156; x_wconf 90' lang='lat' dir='ltr'>tra-</span> 
     </span>
     <span class='ocr_line' id='line_1_29' title="bbox 257 3187 1908 3270; baseline 0 -17"><span class='ocrx_word' id='word_1_331' title='bbox 257 3192 310 3254; x_wconf 90' lang='lat' dir='ltr'>lus</span> <span class='ocrx_word' id='word_1_332' title='bbox 322 3193 599 3257; x_wconf 89' lang='lat' dir='ltr'>admonetdicens</span> <span class='ocrx_word' id='word_1_333' title='bbox 616 3217 623 3255; x_wconf 89' lang='lat'><strong>:</strong></span> <span class='ocrx_word' id='word_1_334' title='bbox 639 3196 785 3257; x_wconf 82' lang='lat' dir='ltr'>Sollicite</span> <span class='ocrx_word' id='word_1_335' title='bbox 796 3195 934 3258; x_wconf 85' lang='lat' dir='ltr'>servate</span> <span class='ocrx_word' id='word_1_336' title='bbox 946 3196 1059 3258; x_wconf 81' lang='lat' dir='ltr'>uallo·</span> <span class='ocrx_word' id='word_1_337' title='bbox 1112 3195 1292 3258; x_wconf 84' lang='lat' dir='ltr'>ditionibus</span> <span class='ocrx_word' id='word_1_338' title='bbox 1316 3194 1574 3257; x_wconf 79' lang='lat' dir='ltr'>Pharisaeorum.</span> <span class='ocrx_word' id='word_1_339' title='bbox 1595 3187 1717 3257; x_wconf 87' lang='lat' dir='ltr'>socrus</span> <span class='ocrx_word' id='word_1_340' title='bbox 1742 3208 1822 3270; x_wconf 91' lang='lat' dir='ltr'>ergo</span> <span class='ocrx_word' id='word_1_341' title='bbox 1849 3193 1908 3254; x_wconf 91' lang='lat' dir='ltr'>Si-</span> 
     </span>
     <span class='ocr_line' id='line_1_30' title="bbox 259 3291 1912 3374; baseline -0.001 -21"><span class='ocrx_word' id='word_1_342' title='bbox 259 3291 329 3354; x_wconf 86' lang='lat' dir='ltr'>tem</span> <span class='ocrx_word' id='word_1_343' title='bbox 342 3293 495 3368; x_wconf 73' lang='lat' dir='ltr'>Spiritus</span> <span class='ocrx_word' id='word_1_344' title='bbox 509 3294 546 3354; x_wconf 81' lang='lat' dir='ltr'>lo</span> <span class='ocrx_word' id='word_1_345' title='bbox 558 3295 692 3356; x_wconf 81' lang='lat' dir='ltr'>clocula</span> <span class='ocrx_word' id='word_1_346' title='bbox 704 3291 955 3374; x_wconf 67' lang='lat' dir='ltr'>paclsfflphnv,</span> <span class='ocrx_word' id='word_1_347' title='bbox 969 3291 1015 3374; x_wconf 88' lang='grc'>3).</span> <span class='ocrx_word' id='word_1_348' title='bbox 1111 3294 1220 3356; x_wconf 92' lang='lat' dir='ltr'>monis</span> <span class='ocrx_word' id='word_1_349' title='bbox 1234 3292 1444 3372; x_wconf 87' lang='lat' dir='ltr'>quaetenetur</span> <span class='ocrx_word' id='word_1_350' title='bbox 1454 3291 1584 3368; x_wconf 89' lang='lat' dir='ltr'>magnis</span> <span class='ocrx_word' id='word_1_351' title='bbox 1600 3291 1746 3354; x_wconf 80' lang='lat' dir='ltr'>febribus</span> <span class='ocrx_word' id='word_1_352' title='bbox 1761 3292 1811 3352; x_wconf 89' lang='lat' dir='ltr'>est</span> <span class='ocrx_word' id='word_1_353' title='bbox 1822 3305 1912 3368; x_wconf 82' lang='lat' dir='ltr'>quae·</span> 
     </span>
     <span class='ocr_line' id='line_1_31' title="bbox 299 3387 1912 3469; baseline -0.001 -17"><span class='ocrx_word' id='word_1_354' title='bbox 299 3389 479 3468; x_wconf 84' lang='lat' dir='ltr'>Sequitur:</span> <span class='ocrx_word' id='word_1_355' title='bbox 500 3393 627 3454; x_wconf 80' lang='lat' dir='ltr'>Sacros</span> <span class='ocrx_word' id='word_1_356' title='bbox 649 3391 765 3469; x_wconf 82' lang='lat' dir='ltr'>cotem</span> <span class='ocrx_word' id='word_1_357' title='bbox 786 3394 938 3454; x_wconf 78' lang='lat' dir='ltr'>Simonis</span> <span class='ocrx_word' id='word_1_358' title='bbox 958 3393 1056 3454; x_wconf 80' lang='lat' dir='ltr'>terte-</span> <span class='ocrx_word' id='word_1_359' title='bbox 1110 3392 1192 3456; x_wconf 91' lang='lat' dir='ltr'>libet</span> <span class='ocrx_word' id='word_1_360' title='bbox 1206 3393 1317 3455; x_wconf 90' lang='lat' dir='ltr'>anima</span> <span class='ocrx_word' id='word_1_361' title='bbox 1333 3408 1406 3469; x_wconf 87' lang='lat' dir='ltr'>quae</span> <span class='ocrx_word' id='word_1_362' title='bbox 1423 3391 1553 3453; x_wconf 87' lang='lat' dir='ltr'>tenetur</span> <span class='ocrx_word' id='word_1_363' title='bbox 1567 3389 1725 3452; x_wconf 88' lang='lat' dir='ltr'>adstricta</span> <span class='ocrx_word' id='word_1_364' title='bbox 1747 3387 1861 3450; x_wconf 91' lang='lat' dir='ltr'>multis</span> <span class='ocrx_word' id='word_1_365' title='bbox 1876 3388 1912 3450; x_wconf 86' lang='lat' dir='ltr'>et</span> 
     </span>
     <span class='ocr_line' id='line_1_32' title="bbox 259 3487 1908 3568; baseline -0.002 -18"><span class='ocrx_word' id='word_1_366' title='bbox 259 3489 361 3550; x_wconf 83' lang='lat' dir='ltr'>batur</span> <span class='ocrx_word' id='word_1_367' title='bbox 384 3492 522 3566; x_wconf 72' lang='lat' dir='ltr'>magnis</span> <span class='ocrx_word' id='word_1_368' title='bbox 548 3491 709 3564; x_wconf 77' lang='lat' dir='ltr'>febribus.</span> <span class='ocrx_word' id='word_1_369' title='bbox 736 3490 857 3552; x_wconf 84' lang='lat' dir='ltr'>socrus</span> <span class='ocrx_word' id='word_1_370' title='bbox 879 3489 930 3552; x_wconf 91' lang='lat' dir='ltr'>est</span> <span class='ocrx_word' id='word_1_371' title='bbox 951 3491 1057 3552; x_wconf 87' lang='lat' dir='ltr'>mater</span> <span class='ocrx_word' id='word_1_372' title='bbox 1111 3491 1241 3568; x_wconf 88' lang='lat' dir='ltr'>magnis</span> <span class='ocrx_word' id='word_1_373' title='bbox 1254 3488 1461 3562; x_wconf 79' lang='lat' dir='ltr'>criminibus,</span> <span class='ocrx_word' id='word_1_374' title='bbox 1478 3488 1563 3551; x_wconf 89' lang='lat' dir='ltr'>sicut</span> <span class='ocrx_word' id='word_1_375' title='bbox 1582 3488 1663 3550; x_wconf 91' lang='lat' dir='ltr'>dicit</span> <span class='ocrx_word' id='word_1_376' title='bbox 1680 3487 1796 3548; x_wconf 88' lang='lat' dir='ltr'>beatus</span> <span class='ocrx_word' id='word_1_377' title='bbox 1820 3489 1908 3547; x_wconf 83' lang='lat' dir='ltr'>Gre-</span> 
     </span>
     <span class='ocr_line' id='line_1_33' title="bbox 257 3583 1911 3665; baseline 0 -21"><span class='ocrx_word' id='word_1_378' title='bbox 257 3583 386 3644; x_wconf 89' lang='lat' dir='ltr'>uxoris.</span> <span class='ocrx_word' id='word_1_379' title='bbox 412 3585 534 3645; x_wconf 89' lang='lat' dir='ltr'>Socrus</span> <span class='ocrx_word' id='word_1_380' title='bbox 556 3583 701 3645; x_wconf 90' lang='lat' dir='ltr'>Simonis</span> <span class='ocrx_word' id='word_1_381' title='bbox 728 3585 762 3646; x_wconf 89' lang='lat' dir='ltr'>et</span> <span class='ocrx_word' id='word_1_382' title='bbox 785 3601 954 3663; x_wconf 87' lang='lat' dir='ltr'>synagoga</span> <span class='ocrx_word' id='word_1_383' title='bbox 968 3585 1056 3648; x_wconf 88' lang='lat' dir='ltr'>idem</span> <span class='ocrx_word' id='word_1_384' title='bbox 1110 3589 1225 3665; x_wconf 90' lang='lat' dir='ltr'>gorius</span> <span class='ocrx_word' id='word_1_385' title='bbox 1251 3609 1259 3649; x_wconf 72' lang='grc' dir='ltr'><strong>ε</strong></span> <span class='ocrx_word' id='word_1_386' title='bbox 1280 3605 1299 3649; x_wconf 74' lang='lat' dir='ltr'>c</span> <span class='ocrx_word' id='word_1_387' title='bbox 1320 3589 1445 3650; x_wconf 82' lang='lat' dir='ltr'>Beatus</span> <span class='ocrx_word' id='word_1_388' title='bbox 1466 3585 1573 3663; x_wconf 86' lang='lat' dir='ltr'>culpae</span> <span class='ocrx_word' id='word_1_389' title='bbox 1594 3585 1677 3661; x_wconf 86' lang='lat' dir='ltr'>ligat</span> <span class='ocrx_word' id='word_1_390' title='bbox 1694 3583 1849 3656; x_wconf 88' lang='lat' dir='ltr'>mentem,</span> <span class='ocrx_word' id='word_1_391' title='bbox 1866 3598 1911 3644; x_wconf 88' lang='lat' dir='ltr'>ne</span> 
     </span>
     <span class='ocr_line' id='line_1_34' title="bbox 259 3680 1911 3763; baseline -0.001 -20"><span class='ocrx_word' id='word_1_392' title='bbox 259 3682 321 3745; x_wconf 90' lang='lat' dir='ltr'>est.</span> <span class='ocrx_word' id='word_1_393' title='bbox 335 3681 443 3744; x_wconf 87' lang='lat' dir='ltr'>Mater</span> <span class='ocrx_word' id='word_1_394' title='bbox 456 3681 566 3742; x_wconf 88' lang='lat' dir='ltr'>autem</span> <span class='ocrx_word' id='word_1_395' title='bbox 583 3681 699 3743; x_wconf 83' lang='lat' dir='ltr'>uxoris</span> <span class='ocrx_word' id='word_1_396' title='bbox 722 3680 866 3744; x_wconf 89' lang='lat' dir='ltr'>Simonis</span> <span class='ocrx_word' id='word_1_397' title='bbox 886 3698 1057 3762; x_wconf 84' lang='lat' dir='ltr'>synagoga</span> <span class='ocrx_word' id='word_1_398' title='bbox 1111 3685 1216 3763; x_wconf 87' lang='lat' dir='ltr'>possit</span> <span class='ocrx_word' id='word_1_399' title='bbox 1250 3700 1386 3761; x_wconf 81' lang='lat' dir='ltr'>surgere</span> <span class='ocrx_word' id='word_1_400' title='bbox 1415 3684 1457 3745; x_wconf 88' lang='lat' dir='ltr'>ad</span> <span class='ocrx_word' id='word_1_401' title='bbox 1488 3682 1731 3745; x_wconf 87' lang='lat' dir='ltr'>rectitudinem.</span> <span class='ocrx_word' id='word_1_402' title='bbox 1763 3697 1782 3744; x_wconf 72' lang='lat' dir='ltr'>a</span> <span class='ocrx_word' id='word_1_403' title='bbox 1813 3681 1911 3743; x_wconf 89' lang='lat' dir='ltr'>Unde</span> 
     </span>
     <span class='ocr_line' id='line_1_35' title="bbox 258 3778 1910 3860; baseline 0.002 -21"><span class='ocrx_word' id='word_1_404' title='bbox 258 3780 318 3839; x_wconf 90' lang='lat' dir='ltr'>est.</span> <span class='ocrx_word' id='word_1_405' title='bbox 333 3778 484 3840; x_wconf 80' lang='lat' dir='ltr'>Ecclesia</span> <span class='ocrx_word' id='word_1_406' title='bbox 498 3778 548 3840; x_wconf 91' lang='lat' dir='ltr'>est</span> <span class='ocrx_word' id='word_1_407' title='bbox 560 3793 646 3839; x_wconf 83' lang='lat' dir='ltr'>uror</span> <span class='ocrx_word' id='word_1_408' title='bbox 661 3779 805 3841; x_wconf 87' lang='lat' dir='ltr'>Simonis</span> <span class='ocrx_word' id='word_1_409' title='bbox 820 3779 1057 3842; x_wconf 87' lang='lat' dir='ltr'>sacramentali</span> <span class='ocrx_word' id='word_1_410' title='bbox 1110 3782 1287 3860; x_wconf 82' lang='lat' dir='ltr'>Apostolus</span> <span class='ocrx_word' id='word_1_411' title='bbox 1297 3804 1305 3842; x_wconf 74' lang='grc' dir='ltr'><strong>ε</strong></span> <span class='ocrx_word' id='word_1_412' title='bbox 1315 3785 1543 3858; x_wconf 76' lang='lat' dir='ltr'>Eosorpequf</span> <span class='ocrx_word' id='word_1_413' title='bbox 1551 3784 1693 3853; x_wconf 63' lang='lat' dir='ltr'>dorma,</span> <span class='ocrx_word' id='word_1_414' title='bbox 1707 3779 1741 3841; x_wconf 87' lang='lat' dir='ltr'>el</span> <span class='ocrx_word' id='word_1_415' title='bbox 1755 3795 1910 3857; x_wconf 73' lang='lat' dir='ltr'>eoemcrqe</span> 
     </span>
     <span class='ocr_line' id='line_1_36' title="bbox 258 3875 1906 3956; baseline 0.001 -20"><span class='ocrx_word' id='word_1_416' title='bbox 258 3875 323 3938; x_wconf 87' lang='lat' dir='ltr'>sibl</span> <span class='ocrx_word' id='word_1_417' title='bbox 338 3876 494 3954; x_wconf 82' lang='lat' dir='ltr'>conjugio</span> <span class='ocrx_word' id='word_1_418' title='bbox 504 3875 669 3953; x_wconf 88' lang='lat' dir='ltr'>copulata,</span> <span class='ocrx_word' id='word_1_419' title='bbox 682 3875 768 3938; x_wconf 91' lang='lat' dir='ltr'>sicut</span> <span class='ocrx_word' id='word_1_420' title='bbox 778 3875 858 3939; x_wconf 88' lang='lat' dir='ltr'>dicit</span> <span class='ocrx_word' id='word_1_421' title='bbox 869 3878 905 3938; x_wconf 91' lang='lat' dir='ltr'>in</span> <span class='ocrx_word' id='word_1_422' title='bbox 921 3877 1056 3940; x_wconf 82' lang='lat' dir='ltr'>cantico</span> <span class='ocrx_word' id='word_1_423' title='bbox 1111 3879 1306 3954; x_wconf 77' lang='lat' dir='ltr'>amortuis,</span> <span class='ocrx_word' id='word_1_424' title='bbox 1323 3881 1356 3942; x_wconf 88' lang='lat' dir='ltr'>et</span> <span class='ocrx_word' id='word_1_425' title='bbox 1371 3879 1574 3942; x_wconf 78' lang='lat' dir='ltr'>lllccmtooolt</span> <span class='ocrx_word' id='word_1_426' title='bbox 1589 3880 1621 3940; x_wconf 88' lang='lat' dir='ltr'>te</span> <span class='ocrx_word' id='word_1_427' title='bbox 1634 3877 1790 3942; x_wconf 78' lang='lat' dir='ltr'>cbristus</span> <span class='ocrx_word' id='word_1_428' title='bbox 1808 3875 1906 3956; x_wconf 87' lang='lat' dir='ltr'>(Eph.</span> 
     </span>
     <span class='ocr_line' id='line_1_37' title="bbox 259 3972 1909 4058; baseline 0.001 -24"><span class='ocrx_word' id='word_1_429' title='bbox 259 3972 470 4036; x_wconf 79' lang='lat' dir='ltr'>canticorum</span> <span class='ocrx_word' id='word_1_430' title='bbox 487 3995 495 4035; x_wconf 93' lang='lat'><strong>:</strong></span> <span class='ocrx_word' id='word_1_431' title='bbox 510 3977 592 4037; x_wconf 82' lang='lat' dir='ltr'>Flllt</span> <span class='ocrx_word' id='word_1_432' title='bbox 618 3975 745 4036; x_wconf 80' lang='lat' dir='ltr'>atotrts</span> <span class='ocrx_word' id='word_1_433' title='bbox 769 3989 858 4037; x_wconf 84' lang='lat' dir='ltr'>meoe</span> <span class='ocrx_word' id='word_1_434' title='bbox 879 3991 1058 4056; x_wconf 75' lang='lat' dir='ltr'>pugnave-</span> <span class='ocrx_word' id='word_1_435' title='bbox 1110 3995 1142 4054; x_wconf 63' lang='grc' dir='ltr'>ν,</span> <span class='ocrx_word' id='word_1_436' title='bbox 1165 3981 1226 4058; x_wconf 87' lang='grc'><strong>14).</strong></span> <span class='ocrx_word' id='word_1_437' title='bbox 1244 3979 1346 4052; x_wconf 88' lang='lat' dir='ltr'>Quasi</span> <span class='ocrx_word' id='word_1_438' title='bbox 1366 3977 1491 4040; x_wconf 88' lang='lat' dir='ltr'>diceret</span> <span class='ocrx_word' id='word_1_439' title='bbox 1511 3998 1519 4037; x_wconf 74' lang='grc' dir='ltr'><strong>ε</strong></span> <span class='ocrx_word' id='word_1_440' title='bbox 1536 3979 1562 4038; x_wconf 91' lang='lat'>0</span> <span class='ocrx_word' id='word_1_441' title='bbox 1581 3975 1679 4038; x_wconf 91' lang='lat' dir='ltr'>homo</span> <span class='ocrx_word' id='word_1_442' title='bbox 1701 3976 1758 4053; x_wconf 93' lang='lat' dir='ltr'>qui</span> <span class='ocrx_word' id='word_1_443' title='bbox 1783 3975 1909 4037; x_wconf 89' lang='lat' dir='ltr'>dormis</span> 
     </span>
     <span class='ocr_line' id='line_1_38' title="bbox 258 4071 1908 4152; baseline -0.001 -18"><span class='ocrx_word' id='word_1_444' title='bbox 258 4073 344 4134; x_wconf 76' lang='lat' dir='ltr'>mccl</span> <span class='ocrx_word' id='word_1_445' title='bbox 366 4073 488 4135; x_wconf 78' lang='lat' dir='ltr'>contro</span> <span class='ocrx_word' id='word_1_446' title='bbox 508 4087 564 4135; x_wconf 86' lang='lat' dir='ltr'>me</span> <span class='ocrx_word' id='word_1_447' title='bbox 587 4071 697 4152; x_wconf 84' lang='lat' dir='ltr'>(Cant.</span> <span class='ocrx_word' id='word_1_448' title='bbox 713 4081 737 4146; x_wconf 85' lang='lat' dir='ltr'>r,</span> <span class='ocrx_word' id='word_1_449' title='bbox 756 4071 916 4152; x_wconf 87' lang='lat' dir='ltr'>5).·Mater</span> <span class='ocrx_word' id='word_1_450' title='bbox 935 4075 1057 4138; x_wconf 90' lang='lat' dir='ltr'>dicitur</span> <span class='ocrx_word' id='word_1_451' title='bbox 1111 4078 1146 4140; x_wconf 90' lang='lat' dir='ltr'>in</span> <span class='ocrx_word' id='word_1_452' title='bbox 1183 4076 1296 4138; x_wconf 90' lang='lat' dir='ltr'>multis</span> <span class='ocrx_word' id='word_1_453' title='bbox 1321 4076 1413 4138; x_wconf 81' lang='lat' dir='ltr'>vitiis</span> <span class='ocrx_word' id='word_1_454' title='bbox 1446 4076 1478 4137; x_wconf 92' lang='lat' dir='ltr'>et</span> <span class='ocrx_word' id='word_1_455' title='bbox 1510 4075 1671 4152; x_wconf 90' lang='lat' dir='ltr'>peccatis,</span> <span class='ocrx_word' id='word_1_456' title='bbox 1700 4089 1843 4150; x_wconf 82' lang='lat' dir='ltr'>exsurge</span> <span class='ocrx_word' id='word_1_457' title='bbox 1888 4091 1908 4135; x_wconf 91' lang='lat' dir='ltr'>a</span> 
     </span>
     <span class='ocr_line' id='line_1_39' title="bbox 258 4170 1909 4254; baseline 0 -23"><span class='ocrx_word' id='word_1_458' title='bbox 258 4185 444 4249; x_wconf 88' lang='lat' dir='ltr'>synagoga,</span> <span class='ocrx_word' id='word_1_459' title='bbox 465 4171 544 4249; x_wconf 89' lang='lat' dir='ltr'>quia</span> <span class='ocrx_word' id='word_1_460' title='bbox 569 4186 684 4233; x_wconf 91' lang='lat' dir='ltr'>omnes</span> <span class='ocrx_word' id='word_1_461' title='bbox 707 4170 856 4248; x_wconf 83' lang='lat' dir='ltr'>Apostoli</span> <span class='ocrx_word' id='word_1_462' title='bbox 870 4173 963 4254; x_wconf 92' lang='lat' dir='ltr'>prius</span> <span class='ocrx_word' id='word_1_463' title='bbox 978 4173 1054 4237; x_wconf 89' lang='lat' dir='ltr'>fue·</span> <span class='ocrx_word' id='word_1_464' title='bbox 1112 4175 1260 4248; x_wconf 91' lang='lat' dir='ltr'>mortuis,</span> <span class='ocrx_word' id='word_1_465' title='bbox 1291 4173 1391 4246; x_wconf 88' lang='lat' dir='ltr'>idest,</span> <span class='ocrx_word' id='word_1_466' title='bbox 1421 4173 1549 4236; x_wconf 89' lang='lat' dir='ltr'>dimitte</span> <span class='ocrx_word' id='word_1_467' title='bbox 1586 4173 1709 4234; x_wconf 90' lang='lat' dir='ltr'>malum</span> <span class='ocrx_word' id='word_1_468' title='bbox 1739 4173 1773 4234; x_wconf 94' lang='lat' dir='ltr'>et</span> <span class='ocrx_word' id='word_1_469' title='bbox 1802 4171 1909 4233; x_wconf 90' lang='lat' dir='ltr'>facias</span> 
     </span>
     <span class='ocr_line' id='line_1_40' title="bbox 257 4268 1911 4349; baseline 0.001 -19"><span class='ocrx_word' id='word_1_470' title='bbox 257 4270 335 4331; x_wconf 90' lang='lat' dir='ltr'>runt</span> <span class='ocrx_word' id='word_1_471' title='bbox 345 4268 461 4346; x_wconf 88' lang='lat' dir='ltr'>judaei.</span> <span class='ocrx_word' id='word_1_472' title='bbox 1110 4274 1244 4346; x_wconf 90' lang='lat' dir='ltr'>bonum,</span> <span class='ocrx_word' id='word_1_473' title='bbox 1261 4273 1338 4334; x_wconf 85' lang='lat' dir='ltr'>laxa</span> <span class='ocrx_word' id='word_1_474' title='bbox 1355 4270 1499 4349; x_wconf 87' lang='lat' dir='ltr'>peccata,</span> <span class='ocrx_word' id='word_1_475' title='bbox 1513 4271 1657 4348; x_wconf 88' lang='lat' dir='ltr'>recipias</span> <span class='ocrx_word' id='word_1_476' title='bbox 1670 4269 1823 4332; x_wconf 83' lang='lat' dir='ltr'>virtutes.</span> <span class='ocrx_word' id='word_1_477' title='bbox 1839 4271 1911 4332; x_wconf 80' lang='lat' dir='ltr'>Ex-</span> 
     </span>
     <span class='ocr_line' id='line_1_41' title="bbox 298 4366 1911 4450; baseline -0.001 -21"><span class='ocrx_word' id='word_1_478' title='bbox 298 4368 338 4429; x_wconf 87' lang='lat' dir='ltr'>Et</span> <span class='ocrx_word' id='word_1_479' title='bbox 352 4367 452 4428; x_wconf 88' lang='lat' dir='ltr'>etiam</span> <span class='ocrx_word' id='word_1_480' title='bbox 476 4367 548 4444; x_wconf 91' lang='lat' dir='ltr'>ipse</span> <span class='ocrx_word' id='word_1_481' title='bbox 572 4366 721 4428; x_wconf 88' lang='lat' dir='ltr'>Christus</span> <span class='ocrx_word' id='word_1_482' title='bbox 745 4367 801 4446; x_wconf 90' lang='lat' dir='ltr'>qui</span> <span class='ocrx_word' id='word_1_483' title='bbox 823 4367 873 4430; x_wconf 90' lang='lat' dir='ltr'>est</span> <span class='ocrx_word' id='word_1_484' title='bbox 893 4369 1054 4444; x_wconf 81' lang='lat' dir='ltr'>Ecclesia,</span> <span class='ocrx_word' id='word_1_485' title='bbox 1111 4389 1220 4450; x_wconf 88' lang='lat' dir='ltr'>surge,</span> <span class='ocrx_word' id='word_1_486' title='bbox 1238 4371 1306 4432; x_wconf 92' lang='lat' dir='ltr'>noli</span> <span class='ocrx_word' id='word_1_487' title='bbox 1326 4369 1481 4432; x_wconf 87' lang='lat' dir='ltr'>dormire.</span> <span class='ocrx_word' id='word_1_488' title='bbox 1501 4372 1651 4446; x_wconf 83' lang='lat' dir='ltr'>Exsurge</span> <span class='ocrx_word' id='word_1_489' title='bbox 1665 4383 1726 4446; x_wconf 90' lang='lat' dir='ltr'>per</span> <span class='ocrx_word' id='word_1_490' title='bbox 1741 4368 1911 4444; x_wconf 79' lang='lat' dir='ltr'>poeniten-</span> 
     </span>
     <span class='ocr_line' id='line_1_42' title="bbox 258 4464 1911 4546; baseline 0 -20"><span class='ocrx_word' id='word_1_491' title='bbox 258 4467 317 4528; x_wconf 90' lang='lat' dir='ltr'>aut</span> <span class='ocrx_word' id='word_1_492' title='bbox 330 4464 440 4542; x_wconf 92' lang='lat' dir='ltr'>potins</span> <span class='ocrx_word' id='word_1_493' title='bbox 464 4464 563 4542; x_wconf 88' lang='lat' dir='ltr'>caput</span> <span class='ocrx_word' id='word_1_494' title='bbox 584 4465 752 4538; x_wconf 88' lang='lat' dir='ltr'>Ecclesiae,</span> <span class='ocrx_word' id='word_1_495' title='bbox 769 4466 810 4528; x_wconf 93' lang='lat' dir='ltr'>de</span> <span class='ocrx_word' id='word_1_496' title='bbox 825 4467 940 4529; x_wconf 89' lang='lat' dir='ltr'>eadem</span> <span class='ocrx_word' id='word_1_497' title='bbox 954 4468 1056 4546; x_wconf 88' lang='lat' dir='ltr'>stirpe</span> <span class='ocrx_word' id='word_1_498' title='bbox 1111 4472 1191 4533; x_wconf 89' lang='lat' dir='ltr'>tiam</span> <span class='ocrx_word' id='word_1_499' title='bbox 1206 4469 1239 4532; x_wconf 92' lang='lat' dir='ltr'>et</span> <span class='ocrx_word' id='word_1_500' title='bbox 1253 4467 1485 4532; x_wconf 88' lang='lat' dir='ltr'>contritionem</span> <span class='ocrx_word' id='word_1_501' title='bbox 1506 4467 1628 4540; x_wconf 75' lang='lat' dir='ltr'>cordis</span> <span class='ocrx_word' id='word_1_502' title='bbox 1645 4467 1723 4544; x_wconf 89' lang='lat' dir='ltr'>quia</span> <span class='ocrx_word' id='word_1_503' title='bbox 1748 4480 1805 4527; x_wconf 88' lang='lat' dir='ltr'>cor</span> <span class='ocrx_word' id='word_1_504' title='bbox 1824 4481 1911 4527; x_wconf 89' lang='lat' dir='ltr'>con-</span> 
     </span>
     <span class='ocr_line' id='line_1_43' title="bbox 258 4562 1910 4642; baseline 0.002 -18"><span class='ocrx_word' id='word_1_505' title='bbox 258 4564 357 4626; x_wconf 90' lang='lat' dir='ltr'>natus</span> <span class='ocrx_word' id='word_1_506' title='bbox 381 4563 431 4626; x_wconf 88' lang='lat' dir='ltr'>est</span> <span class='ocrx_word' id='word_1_507' title='bbox 456 4563 616 4641; x_wconf 90' lang='lat' dir='ltr'>quantum</span> <span class='ocrx_word' id='word_1_508' title='bbox 640 4562 680 4623; x_wconf 92' lang='lat' dir='ltr'>ad</span> <span class='ocrx_word' id='word_1_509' title='bbox 705 4562 957 4625; x_wconf 87' lang='lat' dir='ltr'>humanitatem.</span> <span class='ocrx_word' id='word_1_510' title='bbox 979 4565 1056 4627; x_wconf 86' lang='lat' dir='ltr'>Filii</span> <span class='ocrx_word' id='word_1_511' title='bbox 1076 4607 1077 4610; x_wconf 56' lang='lat'><em>=</em></span> <span class='ocrx_word' id='word_1_512' title='bbox 1111 4568 1225 4631; x_wconf 90' lang='lat' dir='ltr'>tritum</span> <span class='ocrx_word' id='word_1_513' title='bbox 1245 4568 1277 4630; x_wconf 92' lang='lat' dir='ltr'>et</span> <span class='ocrx_word' id='word_1_514' title='bbox 1297 4566 1507 4628; x_wconf 87' lang='lat' dir='ltr'>humiliatum</span> <span class='ocrx_word' id='word_1_515' title='bbox 1527 4569 1614 4627; x_wconf 87' lang='lat' dir='ltr'>Deus</span> <span class='ocrx_word' id='word_1_516' title='bbox 1630 4581 1696 4627; x_wconf 91' lang='lat' dir='ltr'>non</span> <span class='ocrx_word' id='word_1_517' title='bbox 1712 4564 1849 4642; x_wconf 88' lang='lat' dir='ltr'>spernit.</span> <span class='ocrx_word' id='word_1_518' title='bbox 1868 4565 1910 4627; x_wconf 88' lang='lat' dir='ltr'>Et</span> 
     </span>
     <span class='ocr_line' id='line_1_44' title="bbox 258 4659 1908 4738; baseline 0.001 -16"><span class='ocrx_word' id='word_1_519' title='bbox 258 4663 331 4738; x_wconf 77' lang='lat' dir='ltr'>eJus</span> <span class='ocrx_word' id='word_1_520' title='bbox 346 4659 480 4723; x_wconf 89' lang='lat' dir='ltr'>fuerunt</span> <span class='ocrx_word' id='word_1_521' title='bbox 493 4659 601 4722; x_wconf 88' lang='lat' dir='ltr'>Judaei</span> <span class='ocrx_word' id='word_1_522' title='bbox 617 4661 674 4738; x_wconf 91' lang='lat' dir='ltr'>qui</span> <span class='ocrx_word' id='word_1_523' title='bbox 689 4662 921 4738; x_wconf 83' lang='lat' dir='ltr'>pugnaverunt</span> <span class='ocrx_word' id='word_1_524' title='bbox 940 4663 1067 4724; x_wconf 88' lang='lat' dir='ltr'>contra·</span> <span class='ocrx_word' id='word_1_525' title='bbox 1111 4667 1140 4729; x_wconf 90' lang='lat' dir='ltr'>si</span> <span class='ocrx_word' id='word_1_526' title='bbox 1165 4667 1214 4728; x_wconf 91' lang='lat' dir='ltr'>sic</span> <span class='ocrx_word' id='word_1_527' title='bbox 1238 4665 1441 4738; x_wconf 82' lang='lat' dir='ltr'>surrexeris,</span> <span class='ocrx_word' id='word_1_528' title='bbox 1463 4663 1614 4726; x_wconf 83' lang='lat' dir='ltr'>Christus</span> <span class='ocrx_word' id='word_1_529' title='bbox 1637 4661 1838 4724; x_wconf 90' lang='lat' dir='ltr'>illuminabit</span> <span class='ocrx_word' id='word_1_530' title='bbox 1859 4663 1908 4736; x_wconf 89' lang='lat' dir='ltr'>te,</span> 
     </span>
     <span class='ocr_line' id='line_1_45' title="bbox 259 4757 1907 4839; baseline 0.002 -21"><span class='ocrx_word' id='word_1_531' title='bbox 259 4775 323 4819; x_wconf 90' lang='lat' dir='ltr'>me.</span> <span class='ocrx_word' id='word_1_532' title='bbox 348 4759 500 4832; x_wconf 89' lang='lat' dir='ltr'>Matrem,</span> <span class='ocrx_word' id='word_1_533' title='bbox 526 4758 622 4832; x_wconf 90' lang='lat' dir='ltr'>idest,</span> <span class='ocrx_word' id='word_1_534' title='bbox 646 4757 839 4834; x_wconf 86' lang='lat' dir='ltr'>Ecclesiam,</span> <span class='ocrx_word' id='word_1_535' title='bbox 863 4761 940 4839; x_wconf 89' lang='lat' dir='ltr'>quia</span> <span class='ocrx_word' id='word_1_536' title='bbox 964 4761 1056 4839; x_wconf 89' lang='lat' dir='ltr'>prius</span> <span class='ocrx_word' id='word_1_537' title='bbox 1111 4763 1211 4839; x_wconf 90' lang='lat' dir='ltr'>idest,</span> <span class='ocrx_word' id='word_1_538' title='bbox 1234 4763 1434 4826; x_wconf 89' lang='lat' dir='ltr'>condonabit</span> <span class='ocrx_word' id='word_1_539' title='bbox 1453 4761 1529 4836; x_wconf 89' lang='lat' dir='ltr'>tibi,</span> <span class='ocrx_word' id='word_1_540' title='bbox 1553 4760 1638 4826; x_wconf 89' lang='lat' dir='ltr'>sicut</span> <span class='ocrx_word' id='word_1_541' title='bbox 1663 4761 1743 4834; x_wconf 89' lang='lat' dir='ltr'>dicit</span> <span class='ocrx_word' id='word_1_542' title='bbox 1767 4760 1874 4823; x_wconf 81' lang='lat' dir='ltr'>David</span> <span class='ocrx_word' id='word_1_543' title='bbox 1899 4783 1907 4822; x_wconf 75' lang='grc' dir='ltr'><strong>ι</strong></span> 
     </span>
     <span class='ocr_line' id='line_1_46' title="bbox 259 4856 1911 4935; baseline 0.005 -21"><span class='ocrx_word' id='word_1_544' title='bbox 259 4856 498 4918; x_wconf 82' lang='lat' dir='ltr'>crucifixerunt</span> <span class='ocrx_word' id='word_1_545' title='bbox 521 4857 699 4930; x_wconf 83' lang='lat' dir='ltr'>Christum,</span> <span class='ocrx_word' id='word_1_546' title='bbox 725 4859 840 4935; x_wconf 87' lang='lat' dir='ltr'>postea</span> <span class='ocrx_word' id='word_1_547' title='bbox 865 4859 1058 4922; x_wconf 87' lang='lat' dir='ltr'>occiderunt</span> <span class='ocrx_word' id='word_1_548' title='bbox 1110 4865 1196 4926; x_wconf 80' lang='lat' dir='ltr'>Dici</span> <span class='ocrx_word' id='word_1_549' title='bbox 1206 4861 1401 4934; x_wconf 80' lang='lat' dir='ltr'>confitebor,</span> <span class='ocrx_word' id='word_1_550' title='bbox 1415 4862 1447 4924; x_wconf 88' lang='lat' dir='ltr'>el</span> <span class='ocrx_word' id='word_1_551' title='bbox 1463 4861 1501 4922; x_wconf 81' lang='lat' dir='ltr'>lo</span> <span class='ocrx_word' id='word_1_552' title='bbox 1514 4861 1682 4924; x_wconf 72' lang='lat' dir='ltr'>remisisti</span> <span class='ocrx_word' id='word_1_553' title='bbox 1694 4859 1911 4935; x_wconf 78' lang='lat' dir='ltr'>impietatem</span> 
     </span>
     <span class='ocr_line' id='line_1_47' title="bbox 259 4951 1512 5039; baseline 0.006 -27"><span class='ocrx_word' id='word_1_554' title='bbox 259 4951 449 5029; x_wconf 85' lang='lat' dir='ltr'>propbetas,</span> <span class='ocrx_word' id='word_1_555' title='bbox 465 4953 698 5030; x_wconf 75' lang='lat' dir='ltr'>lapidaverunt</span> <span class='ocrx_word' id='word_1_556' title='bbox 719 4955 934 5032; x_wconf 88' lang='lat' dir='ltr'>Stephanum,</span> <span class='ocrx_word' id='word_1_557' title='bbox 949 4958 1058 5035; x_wconf 87' lang='lat' dir='ltr'>Apos-</span> <span class='ocrx_word' id='word_1_558' title='bbox 1110 4962 1304 5022; x_wconf 83' lang='lat' dir='ltr'>cordlsmel</span> <span class='ocrx_word' id='word_1_559' title='bbox 1317 4956 1386 5038; x_wconf 88' lang='lat' dir='ltr'>(Ps.</span> <span class='ocrx_word' id='word_1_560' title='bbox 1399 4959 1449 5032; x_wconf 84' lang='grc'>31,</span> <span class='ocrx_word' id='word_1_561' title='bbox 1466 4956 1512 5039; x_wconf 87' lang='grc'>5).</span> 
     </span>
     <span class='ocr_line' id='line_1_48' title="bbox 259 5049 1908 5134; baseline 0.003 -22"><span class='ocrx_word' id='word_1_562' title='bbox 259 5049 355 5122; x_wconf 87' lang='lat' dir='ltr'>telos,</span> <span class='ocrx_word' id='word_1_563' title='bbox 388 5049 421 5112; x_wconf 90' lang='lat' dir='ltr'>ct</span> <span class='ocrx_word' id='word_1_564' title='bbox 456 5049 540 5111; x_wconf 91' lang='lat' dir='ltr'>alios</span> <span class='ocrx_word' id='word_1_565' title='bbox 575 5049 698 5112; x_wconf 91' lang='lat' dir='ltr'>multos</span> <span class='ocrx_word' id='word_1_566' title='bbox 730 5052 981 5127; x_wconf 88' lang='lat' dir='ltr'>interemerunt,</span> <span class='ocrx_word' id='word_1_567' title='bbox 1016 5055 1057 5117; x_wconf 91' lang='lat' dir='ltr'>de</span> <span class='ocrx_word' id='word_1_568' title='bbox 1151 5058 1260 5120; x_wconf 90' lang='lat' dir='ltr'>Nota:</span> <span class='ocrx_word' id='word_1_569' title='bbox 1284 5056 1431 5129; x_wconf 88' lang='lat' dir='ltr'>Quatuor</span> <span class='ocrx_word' id='word_1_570' title='bbox 1454 5056 1532 5118; x_wconf 90' lang='lat' dir='ltr'>sunt</span> <span class='ocrx_word' id='word_1_571' title='bbox 1561 5055 1752 5134; x_wconf 90' lang='lat' dir='ltr'>spirituales</span> <span class='ocrx_word' id='word_1_572' title='bbox 1782 5054 1908 5128; x_wconf 88' lang='lat' dir='ltr'>febres,</span> 
     </span>
     <span class='ocr_line' id='line_1_49' title="bbox 259 5146 1908 5236; baseline 0.004 -29"><span class='ocrx_word' id='word_1_573' title='bbox 259 5146 380 5226; x_wconf 88' lang='lat' dir='ltr'>quibus</span> <span class='ocrx_word' id='word_1_574' title='bbox 404 5147 581 5227; x_wconf 77' lang='lat' dir='ltr'>Apostolus</span> <span class='ocrx_word' id='word_1_575' title='bbox 605 5169 612 5208; x_wconf 76' lang='grc' dir='ltr'><strong>ι</strong></span> <span class='ocrx_word' id='word_1_576' title='bbox 635 5150 673 5210; x_wconf 82' lang='lat' dir='ltr'>Si</span> <span class='ocrx_word' id='word_1_577' title='bbox 694 5153 943 5226; x_wconf 75' lang='lat' dir='ltr'>cognovissent,</span> <span class='ocrx_word' id='word_1_578' title='bbox 967 5167 1059 5214; x_wconf 72' lang='grc' dir='ltr'>παπ·</span> <span class='ocrx_word' id='word_1_579' title='bbox 1112 5153 1231 5236; x_wconf 89' lang='lat' dir='ltr'>quibus</span> <span class='ocrx_word' id='word_1_580' title='bbox 1246 5154 1376 5216; x_wconf 88' lang='lat' dir='ltr'>tenetur</span> <span class='ocrx_word' id='word_1_581' title='bbox 1396 5169 1513 5214; x_wconf 90' lang='lat' dir='ltr'>socrus</span> <span class='ocrx_word' id='word_1_582' title='bbox 1538 5153 1694 5226; x_wconf 87' lang='lat' dir='ltr'>Simonis,</span> <span class='ocrx_word' id='word_1_583' title='bbox 1712 5152 1808 5224; x_wconf 91' lang='lat' dir='ltr'>idest,</span> <span class='ocrx_word' id='word_1_584' title='bbox 1822 5167 1908 5230; x_wconf 90' lang='lat' dir='ltr'>pec-</span> 
     </span>
     <span class='ocr_line' id='line_1_50' title="bbox 260 5249 1911 5329; baseline 0.002 -21"><span class='ocrx_word' id='word_1_585' title='bbox 260 5261 365 5321; x_wconf 83' lang='lat' dir='ltr'>qucm</span> <span class='ocrx_word' id='word_1_586' title='bbox 407 5249 595 5309; x_wconf 78' lang='lat' dir='ltr'>Dominum</span> <span class='ocrx_word' id='word_1_587' title='bbox 639 5249 760 5323; x_wconf 76' lang='lat' dir='ltr'>qwrlce</span> <span class='ocrx_word' id='word_1_588' title='bbox 802 5249 1058 5321; x_wconf 65' lang='lat' dir='ltr'>acclamassent</span> <span class='ocrx_word' id='word_1_589' title='bbox 1112 5253 1220 5316; x_wconf 81' lang='lat' dir='ltr'>catrix</span> <span class='ocrx_word' id='word_1_590' title='bbox 1232 5251 1344 5314; x_wconf 83' lang='lat' dir='ltr'>anima</span> <span class='ocrx_word' id='word_1_591' title='bbox 1357 5271 1364 5311; x_wconf 77' lang='grc' dir='ltr'><strong><em>ε</em></strong></span> <span class='ocrx_word' id='word_1_592' title='bbox 1379 5251 1547 5321; x_wconf 85' lang='lat' dir='ltr'>videlicet,</span> <span class='ocrx_word' id='word_1_593' title='bbox 1561 5251 1651 5329; x_wconf 91' lang='lat' dir='ltr'>gula,</span> <span class='ocrx_word' id='word_1_594' title='bbox 1663 5250 1809 5321; x_wconf 86' lang='lat' dir='ltr'>luxuria,</span> <span class='ocrx_word' id='word_1_595' title='bbox 1824 5265 1911 5312; x_wconf 84' lang='lat' dir='ltr'>ava-</span> 
     </span>
     <span class='ocr_line' id='line_1_51' title="bbox 260 5341 1909 5427; baseline 0.002 -21"><span class='ocrx_word' id='word_1_596' title='bbox 260 5343 290 5425; x_wconf 88' lang='lat'>(1</span> <span class='ocrx_word' id='word_1_597' title='bbox 303 5344 376 5406; x_wconf 86' lang='lat' dir='ltr'>Gor.</span> <span class='ocrx_word' id='word_1_598' title='bbox 390 5359 428 5418; x_wconf 86' lang='lat' dir='ltr'>rr,</span> <span class='ocrx_word' id='word_1_599' title='bbox 443 5341 489 5424; x_wconf 88' lang='lat'>8).</span> <span class='ocrx_word' id='word_1_600' title='bbox 501 5344 736 5421; x_wconf 85' lang='lat' dir='ltr'>cognorerunt</span> <span class='ocrx_word' id='word_1_601' title='bbox 749 5359 839 5421; x_wconf 90' lang='lat' dir='ltr'>ergo,</span> <span class='ocrx_word' id='word_1_602' title='bbox 856 5348 889 5407; x_wconf 90' lang='lat' dir='ltr'>et</span> <span class='ocrx_word' id='word_1_603' title='bbox 901 5361 967 5407; x_wconf 91' lang='lat' dir='ltr'>non</span> <span class='ocrx_word' id='word_1_604' title='bbox 978 5363 1058 5424; x_wconf 85' lang='lat' dir='ltr'>cog·</span> <span class='ocrx_word' id='word_1_605' title='bbox 1112 5351 1190 5414; x_wconf 83' lang='lat' dir='ltr'>ritia</span> <span class='ocrx_word' id='word_1_606' title='bbox 1206 5352 1238 5414; x_wconf 90' lang='lat' dir='ltr'>el</span> <span class='ocrx_word' id='word_1_607' title='bbox 1250 5348 1386 5412; x_wconf 88' lang='lat' dir='ltr'>invidia.</span> <span class='ocrx_word' id='word_1_608' title='bbox 1412 5349 1530 5411; x_wconf 85' lang='lat' dir='ltr'>Tribus</span> <span class='ocrx_word' id='word_1_609' title='bbox 1554 5349 1595 5412; x_wconf 94' lang='lat' dir='ltr'>de</span> <span class='ocrx_word' id='word_1_610' title='bbox 1611 5350 1722 5411; x_wconf 89' lang='lat' dir='ltr'>causis</span> <span class='ocrx_word' id='word_1_611' title='bbox 1738 5348 1802 5411; x_wconf 87' lang='lat' dir='ltr'>ista</span> <span class='ocrx_word' id='word_1_612' title='bbox 1817 5364 1909 5427; x_wconf 91' lang='lat' dir='ltr'>qua-</span> 
     </span>
     <span class='ocr_line' id='line_1_52' title="bbox 259 5441 1908 5521; baseline 0.001 -15"><span class='ocrx_word' id='word_1_613' title='bbox 259 5441 435 5506; x_wconf 86' lang='lat' dir='ltr'>noverunt.</span> <span class='ocrx_word' id='word_1_614' title='bbox 453 5443 685 5520; x_wconf 73' lang='lat' dir='ltr'>cognoverunt</span> <span class='ocrx_word' id='word_1_615' title='bbox 699 5459 774 5505; x_wconf 90' lang='lat' dir='ltr'>eum</span> <span class='ocrx_word' id='word_1_616' title='bbox 789 5459 863 5506; x_wconf 89' lang='lat' dir='ltr'>esse</span> <span class='ocrx_word' id='word_1_617' title='bbox 878 5443 1054 5520; x_wconf 86' lang='lat' dir='ltr'>Christum,</span> <span class='ocrx_word' id='word_1_618' title='bbox 1111 5450 1187 5514; x_wconf 90' lang='lat' dir='ltr'>tuor</span> <span class='ocrx_word' id='word_1_619' title='bbox 1205 5449 1287 5511; x_wconf 84' lang='lat' dir='ltr'>vitia</span> <span class='ocrx_word' id='word_1_620' title='bbox 1313 5446 1468 5510; x_wconf 92' lang='lat' dir='ltr'>dicuntur</span> <span class='ocrx_word' id='word_1_621' title='bbox 1490 5463 1565 5509; x_wconf 89' lang='lat' dir='ltr'>esse</span> <span class='ocrx_word' id='word_1_622' title='bbox 1595 5447 1715 5520; x_wconf 87' lang='lat' dir='ltr'>febres,</span> <span class='ocrx_word' id='word_1_623' title='bbox 1737 5446 1908 5521; x_wconf 78' lang='lat' dir='ltr'>videlicet,</span> 
     </span>
     <span class='ocr_line' id='line_1_53' title="bbox 261 5539 1909 5628; baseline 0.002 -24"><span class='ocrx_word' id='word_1_624' title='bbox 261 5541 318 5604; x_wconf 79' lang='lat' dir='ltr'>red</span> <span class='ocrx_word' id='word_1_625' title='bbox 333 5557 400 5602; x_wconf 93' lang='lat' dir='ltr'>non</span> <span class='ocrx_word' id='word_1_626' title='bbox 415 5539 640 5618; x_wconf 85' lang='lat' dir='ltr'>cognoverunt</span> <span class='ocrx_word' id='word_1_627' title='bbox 655 5557 731 5602; x_wconf 92' lang='lat' dir='ltr'>eum</span> <span class='ocrx_word' id='word_1_628' title='bbox 747 5557 821 5603; x_wconf 91' lang='lat' dir='ltr'>esse</span> <span class='ocrx_word' id='word_1_629' title='bbox 835 5543 950 5604; x_wconf 89' lang='lat' dir='ltr'>Deum.</span> <span class='ocrx_word' id='word_1_630' title='bbox 974 5543 1056 5616; x_wconf 86' lang='lat' dir='ltr'>Quia</span> <span class='ocrx_word' id='word_1_631' title='bbox 1112 5545 1558 5628; x_wconf 88' lang='lat' dir='ltr'>quimagnaefebrescarnem</span> <span class='ocrx_word' id='word_1_632' title='bbox 1568 5545 1909 5618; x_wconf 87' lang='lat' dir='ltr'>hominisattenuant,</span> 
     </span>
     <span class='ocr_line' id='line_1_54' title="bbox 259 5637 1909 5718; baseline 0.002 -16"><span class='ocrx_word' id='word_1_633' title='bbox 259 5639 415 5703; x_wconf 81' lang='lat' dir='ltr'>viderunt</span> <span class='ocrx_word' id='word_1_634' title='bbox 436 5653 511 5701; x_wconf 91' lang='lat' dir='ltr'>eum</span> <span class='ocrx_word' id='word_1_635' title='bbox 537 5637 651 5700; x_wconf 81' lang='lat' dir='ltr'>divina</span> <span class='ocrx_word' id='word_1_636' title='bbox 678 5641 839 5703; x_wconf 90' lang='lat' dir='ltr'>miracula</span> <span class='ocrx_word' id='word_1_637' title='bbox 868 5640 1054 5716; x_wconf 89' lang='lat' dir='ltr'>facientem,</span> <span class='ocrx_word' id='word_1_638' title='bbox 1112 5647 1267 5711; x_wconf 85' lang='lat' dir='ltr'>virtutem</span> <span class='ocrx_word' id='word_1_639' title='bbox 1281 5639 1464 5718; x_wconf 85' lang='lat' dir='ltr'>debilitant,</span> <span class='ocrx_word' id='word_1_640' title='bbox 1488 5646 1521 5707; x_wconf 91' lang='lat' dir='ltr'>et</span> <span class='ocrx_word' id='word_1_641' title='bbox 1534 5644 1698 5708; x_wconf 90' lang='lat' dir='ltr'>rationem</span> <span class='ocrx_word' id='word_1_642' title='bbox 1713 5644 1909 5708; x_wconf 89' lang='lat' dir='ltr'>obscurant.</span> 
     </span>
     <span class='ocr_line' id='line_1_55' title="bbox 260 5737 1910 5821; baseline 0.003 -21"><span class='ocrx_word' id='word_1_643' title='bbox 260 5737 489 5817; x_wconf 85' lang='lat' dir='ltr'>cognoverunt</span> <span class='ocrx_word' id='word_1_644' title='bbox 511 5753 586 5800; x_wconf 90' lang='lat' dir='ltr'>eum</span> <span class='ocrx_word' id='word_1_645' title='bbox 606 5751 681 5800; x_wconf 88' lang='lat' dir='ltr'>esse</span> <span class='ocrx_word' id='word_1_646' title='bbox 701 5739 880 5808; x_wconf 78' lang='lat' dir='ltr'>Christum.</span> <span class='ocrx_word' id='word_1_647' title='bbox 899 5739 981 5812; x_wconf 88' lang='lat' dir='ltr'>Quia</span> <span class='ocrx_word' id='word_1_648' title='bbox 1000 5741 1055 5803; x_wconf 85' lang='lat' dir='ltr'>vi·</span> <span class='ocrx_word' id='word_1_649' title='bbox 1113 5745 1273 5811; x_wconf 87' lang='lat' dir='ltr'>Similiter</span> <span class='ocrx_word' id='word_1_650' title='bbox 1305 5743 1383 5821; x_wconf 87' lang='lat' dir='ltr'>gula</span> <span class='ocrx_word' id='word_1_651' title='bbox 1416 5743 1565 5807; x_wconf 88' lang='lat' dir='ltr'>attenuat</span> <span class='ocrx_word' id='word_1_652' title='bbox 1600 5759 1733 5806; x_wconf 88' lang='lat' dir='ltr'>carnem</span> <span class='ocrx_word' id='word_1_653' title='bbox 1759 5741 1910 5806; x_wconf 89' lang='lat' dir='ltr'>hominis</span> 
     </span>
    </p>
   </div>
   <div class='ocr_carea' id='block_1_3' title="bbox 0 0 2006 6292">
    <p class='ocr_par' dir='ltr' id='par_1_3' title="bbox 0 0 2006 6292">
     <span class='ocr_line' id='line_1_56' title="bbox 0 0 2006 6292; baseline 0 0"><span class='ocrx_word' id='word_1_654' title='bbox 0 0 2006 6292; x_wconf 95' lang='lat' dir='ltr'> </span> 
     </span>
    </p>
   </div>
  </div>
 </body>
</html>
