4004 6302
246 378 307 440 ιιι
712 370 888 434 nononu
909 369 955 432 111
981 369 1129 432 ornei.
1146 399 1184 413 -
1201 367 1434 432 snnuouns.
1834 369 1901 429 ris
1993 346 1994 412 t

248 535 509 616 profunditatem
542 534 596 599 vel
623 533 816 610 voraginem
842 530 976 594 interni.
1005 531 1045 594 nt
1098 529 1180 591 tatio
1202 527 1373 591 difficilius
1400 525 1557 598 vincitur,
1576 527 1654 604 qula
1672 525 1762 588 intus
1787 543 1900 606 oppu-

248 635 328 698 tunc
354 635 506 698 homines
535 633 684 710 maligni,
704 631 839 709 accepte
854 629 1041 692 sententia:
1098 644 1205 703 gnans
1227 627 1267 688 de
1283 641 1369 690 novo
1393 627 1508 688 contra
1528 639 1589 687 nos
1613 625 1798 688 roboratur.
1826 625 1897 686 Sed

247 735 302 796 lte
322 735 494 796 maledicti
507 737 543 794 m
562 737 677 810 ignem
698 731 881 802 oetemum,
906 729 1045 789 descen·
1098 725 1269 788 sciendum
1293 726 1344 788 est
1369 724 1465 786 nobis
1498 724 1585 802 quod
1617 723 1757 785 tentatio
1784 723 1897 784 tribus

249 833 327 894 dent
353 832 502 894 viventes
523 830 559 890 in
574 829 741 891 internum
765 827 851 890 siout
875 825 1045 888 descendit
1098 825 1204 886 modis
1225 824 1345 900 agitur,
1374 823 1460 885 sicut
1485 823 1533 885 ait
1554 822 1671 884 beatus
1690 822 1893 898 Gregorius:

247 929 377 991 Dathan
400 929 433 990 ot
450 927 594 1006 Abyron.
619 928 751 989 Tertius
778 926 848 987 dies
881 925 931 987 est
954 924 1044 986 desi-
1097 939 1115 984 c
1139 923 1367 999 Suggestione,
1395 920 1614 984 delectatione
1634 922 1667 982 et
1687 935 1852 982 consensu
1873 937 1896 980 n

247 1027 367 1102 gnatus
388 1025 424 1088 in
439 1041 490 1098 eo,
507 1042 571 1104 quo
597 1025 751 1088 Salomon
776 1023 940 1086 dedicavit
957 1023 1044 1084 tem·
1097 1022 1183 1099 quod
1204 1021 1240 1082 in
1255 1021 1362 1099 primo
1376 1020 1515 1098 parente
1530 1019 1717 1094 didicimus,
1738 1018 1767 1079 si
1787 1019 1894 1094 gestae

246 1124 349 1202 plum,
365 1125 399 1187 et
412 1123 491 1186 iecit
502 1124 715 1186 testivitatem
730 1139 805 1184 cum
820 1122 911 1183 omni
925 1121 1039 1182 lsrael.
1096 1120 1146 1182 rei
1169 1119 1320 1181 ordinem
1342 1119 1508 1181 subtiliter
1524 1133 1711 1196 pensemus.
1738 1117 1893 1178 Primum

248 1222 404 1284 Salomon
422 1221 589 1298 significat
607 1221 784 1292 Christum,
806 1219 863 1298 qui
878 1218 1042 1281 dedicabit
1095 1219 1208 1296 itaque
1228 1216 1292 1280 iuit
1305 1232 1364 1295 per
1379 1217 1519 1290 hostem,
1541 1217 1721 1280 secundum
1734 1231 1815 1277 vero
1830 1229 1897 1293 per

245 1317 405 1397 templum
417 1321 450 1382 et
464 1319 684 1382 sanctificabit
695 1319 877 1380 Ecclesiam
891 1333 995 1390 suam,
1008 1319 1041 1377 et
1095 1333 1241 1390 carnem,
1262 1316 1398 1378 tertium
1414 1331 1495 1378 vero
1512 1331 1573 1393 per
1595 1314 1748 1393 spiritum
1763 1328 1893 1390 perpe-

246 1417 346 1480 laciet
368 1417 581 1478 testivitatem
600 1433 675 1478 cum
694 1417 783 1478 omni
806 1414 920 1488 Israel,
941 1413 1038 1486 idest,
1094 1415 1211 1477 tratur.
1241 1417 1306 1476 Per
1332 1413 1477 1488 hostem,
1510 1414 1588 1490 quia
1612 1413 1787 1474 insidiator
1814 1427 1894 1472 cum

247 1513 383 1576 hebebit
395 1515 554 1590 gaudium
576 1515 609 1576 et
623 1514 773 1576 laetitiam
792 1529 867 1574 cum
887 1512 1039 1574 omnibus
1094 1529 1197 1591 prava
1212 1512 1456 1590 suggeritoaro
1472 1528 1507 1574 se
1517 1511 1728 1574 delectationi
1742 1509 1893 1587 subjicit,

246 1612 372 1673 sanctis
384 1614 417 1674 et
431 1613 577 1688 Angelis.
594 1614 663 1674 Nos
678 1627 768 1688 ergo,
790 1611 922 1683 iratres,
945 1609 1041 1671 labo-
1094 1615 1193 1689 atque
1213 1611 1254 1672 ad
1278 1612 1463 1673 extremum
1487 1610 1625 1688 spiritus
1643 1609 1752 1672 victus
1771 1607 1893 1670 delec-

245 1723 356 1770 remus
378 1710 427 1771 sic
437 1710 620 1788 jejunando
643 1711 676 1772 et
698 1711 875 1786 affligendo
899 1724 1040 1787 corpora
1093 1709 1213 1772 tattoni
1237 1709 1412 1772 consentit.
1443 1709 1537 1772 Unde
1563 1709 1596 1771 et
1621 1724 1758 1786 serpens
1785 1723 1897 1786 prava

245 1807 371 1879 nostra,
388 1809 424 1869 ut
446 1808 553 1869 indie
570 1808 693 1885 jejunii
716 1809 821 1871 nostri
849 1808 1041 1870 inveniatur
1094 1808 1261 1884 suggessit
1272 1808 1386 1869 dicens
1399 1829 1407 1868 :
1422 1809 1493 1870 Cur
1499 1807 1669 1882 precepit
1679 1809 1773 1869 oobts
1784 1810 1897 1874 Deus,

244 1903 398 1966 voluntas
413 1908 485 1983 ejus
501 1906 535 1966 in
556 1905 663 1978 nobis,
679 1905 734 1984 qui
749 1907 908 1968 venturus
923 1906 973 1968 est
983 1908 1041 1984 ju·
1093 1907 1132 1968 ut
1144 1922 1213 1968 mon
1220 1906 1445 1969 comederetis
1455 1909 1495 1969 de
1505 1909 1600 1968 omui
1611 1906 1872 1982 lignoporadtsi
1881 1905 1900 1964 ι

244 2001 356 2062 dicere
384 2003 478 2066 vivos
506 2004 540 2066 et
566 2004 712 2067 mortuos
741 2007 774 2067 et
788 2004 957 2084 ,seculum
981 2019 1040 2082 per
1094 2007 1157 2067 Cui
1171 2006 1349 2078 respondit
1364 2007 1513 2066 mulier:
1527 2007 1568 2066 de
1582 2003 1700 2078 secretu
1716 2005 1897 2078 lignorum

243 2098 367 2175 ignem.
1093 2118 1170 2177 quoe
1181 2103 1262 2164 scm
1276 2105 1314 2164 m
1325 2105 1491 2179 paradiso
1511 2104 1703 2174 vescimur:
1718 2103 1759 2162 de
1772 2099 1901 2175 fructu

1010 2245 1014 2252 .
1093 2215 1177 2262 vero
1186 2204 1270 2277 ligni
1284 2203 1372 2275 quod
1386 2201 1438 2262 est
1449 2204 1487 2262 m
1500 2203 1612 2262 medio
1623 2201 1791 2274 paradisi,
1802 2213 1900 2273 prae-

598 2305 691 2394 XIV
926 2323 929 2330 ·
1092 2299 1182 2374 cepit
1216 2301 1313 2361 nobis
1338 2302 1507 2361 Dominus
1540 2311 1585 2360 ne
1616 2299 1895 2368 comederemus,

1094 2397 1128 2459 ct
1141 2412 1185 2459 ne
1201 2398 1381 2475 torpemus
1400 2399 1492 2470 diod,
1515 2411 1559 2458 ne
1572 2388 1664 2471 ferte
1679 2399 1894 2456 moriamur.

245 2511 290 2574 ιιι
321 2511 649 2585 coloniensum
677 2509 884 2574 nonnum
904 2511 1039 2575 Parui
1091 2495 1740 2574 nectareamserpensemmueem:
1754 2496 1898 2567 nemm-

1092 2608 1197 2667 quom
1217 2593 1329 2654 morte
1352 2595 1570 2665 moriemini:
1592 2592 1656 2653 scit
1682 2594 1775 2652 enim
1795 2594 1897 2652 Deris

282 2691 414 2754 Ductus
427 2690 480 2752 est
492 2694 594 2753 Jcsus
608 2693 645 2753 ie
659 2691 837 2754 desertum
857 2707 880 2753 o
898 2691 1035 2768 spiritu,
1093 2693 1174 2765 orda
1188 2693 1450 2766 idumaeumque
1464 2693 1519 2752 die
1530 2690 1755 2752 comederetis
1769 2703 1816 2751 ecc
1836 2703 1892 2762 eo,

242 2790 282 2850 :d
295 2788 492 2852 tentaretur
504 2805 528 2850 a
541 2792 681 2852 diabolo.
697 2787 743 2852 rt
756 2805 835 2852 cum
842 2791 1039 2863 jejunasset
1092 2789 1297 2864 operientur
1317 2792 1403 2851 ocrdt
1422 2790 1531 2850 cestre·
1551 2789 1584 2851 et
1602 2789 1702 2850 eritis
1720 2788 1809 2849 secu
1827 2791 1893 2860 dii,

243 2889 476 2964 quodraginta
499 2890 626 2960 diebus,
647 2888 681 2950 et
699 2889 932 2966 ormdrcpmto
952 2903 1037 2950 noc·
1092 2887 1241 2948 scientes
1256 2890 1381 2949 honrem
1394 2887 1428 2947 et
1439 2892 1569 2948 mairem
1583 2883 1679 2966 (Gen.
1695 2901 1745 2958 ιιι,
1763 2887 1791 2958 1,
1808 2887 1842 2954 2,
1858 2887 1892 2956 3,

244 2986 343 3058 trous,
356 2987 478 3059 posteo
492 2986 617 3047 esuriit
629 2983 759 3065 (matti.
777 3003 825 3061 iv,
841 2988 869 3059 1,
885 2984 932 3066 2).
1092 2987 1122 3056 4,
1138 2982 1184 3063 5).
1201 2986 1269 3046 Eva
1283 2986 1395 3046 autem
1412 2985 1507 3062 quasi
1523 3001 1601 3046 caro
1619 2999 1655 3045 se
1673 2982 1895 3047 delectationi

282 3085 320 3143 In
339 3082 402 3143 hnc
416 3083 608 3158 evangelica
622 3082 765 3145 lectione
780 3085 922 3161 quatuor
943 3083 1038 3145 nobis
1093 3081 1248 3144 subdidit.
1265 3083 1358 3144 Unde
1371 3081 1406 3142 in
1420 3082 1560 3144 Genesi:
1580 3083 1670 3144 Vidit
1690 3083 1800 3159 igitur
1811 3096 1898 3142 mu-

242 3178 397 3240 videntur
409 3194 483 3239 esse
492 3179 744 3252 consideranda,
758 3180 922 3253 videlicet,
936 3197 1039 3258 quare
1091 3182 1157 3241 lter
1175 3183 1264 3254 quod
1287 3183 1411 3242 bonum
1431 3181 1521 3242 esset
1539 3184 1672 3257 itanum
1689 3183 1734 3242 ad
1748 3193 1898 3241 rescen-

242 3275 402 3337 Dominus
426 3276 539 3338 noster
557 3277 709 3354 permisit
729 3293 765 3338 se
785 3278 943 3340 tentaris
965 3279 1040 3340 dia·
1092 3281 1185 3350 dum,
1202 3279 1425 3353 etpulcbrum
1440 3282 1545 3342 oculis
1558 3279 1893 3354 aspectupuedelec-

242 3372 329 3446 bole,
346 3373 379 3435 et
390 3373 459 3447 ubi,
476 3375 509 3436 et
523 3375 667 3452 quande,
683 3377 715 3438 et
729 3376 765 3438 in
775 3393 838 3454 qua
854 3378 976 3455 specie.
1094 3376 1205 3448 tobde,
1223 3376 1300 3438 tulit
1314 3379 1355 3437 de
1368 3377 1487 3451 {ructu
1499 3381 1575 3450 ejus
1586 3377 1620 3438 et
1629 3375 1775 3438 comedit
1790 3371 1893 3453 (lbid.

283 3474 392 3545 Quare
404 3472 555 3549 permisit
576 3489 612 3534 se
623 3474 766 3536 tentarit
792 3475 968 3538 Sciendum
988 3477 1039 3538 est
1092 3487 1143 3546 ιιι,
1156 3471 1202 3552 6).
1231 3473 1336 3535 Adam
1358 3490 1438 3536 vero
1466 3474 1557 3536 velut
1584 3474 1720 3552 spiritus
1744 3487 1892 3548 sugges-

243 3570 320 3648 quia
336 3571 478 3648 quatuor
496 3571 537 3632 de
552 3573 662 3632 causis
681 3573 832 3650 permisit
846 3591 882 3636 se
902 3573 1036 3636 tentari.
1092 3569 1194 3643 tione,
1221 3571 1253 3632 et
1279 3571 1497 3632 delectatione
1518 3570 1693 3648 superatus
1708 3571 1891 3632 consensit.

243 3668 356 3730 Prima
374 3668 424 3729 est
445 3669 481 3728 ut
496 3667 662 3730 diabolum
678 3670 906 3748 multipliciter
923 3671 1040 3733 vince-
1094 3668 1188 3729 Unde
1215 3668 1395 3730 subditur:
1424 3670 1591 3744 necetque
1618 3673 1696 3731 otro
1727 3683 1802 3740 suo,
1830 3671 1895 3742 pert

242 3765 305 3837 ret,
327 3764 472 3825 secunda
488 3765 524 3827 ut
542 3765 717 3826 Dominum
732 3769 864 3828 Patrem
879 3769 1036 3844 placaret,
1092 3766 1248 3826 concedit.
1278 3767 1323 3826 Ει
1348 3768 1463 3842 operti
1489 3767 1571 3829 sulit
1599 3769 1685 3830 oculi
1707 3769 1893 3829 amborum

242 3861 342 3925 tertia
350 3862 387 3923 ut
398 3861 524 3923 homini
535 3863 722 3940 exemplum
734 3864 906 3941 praeberet,
921 3867 1038 3942 quarta
1094 3861 1190 3942 (ibid.
1207 3879 1257 3935 ιιι,
1271 3865 1301 3936 6,
1314 3862 1359 3943 7).
1374 3865 1472 3926 Prius
1487 3865 1575 3926 enim
1588 3881 1687 3942 quem
1700 3865 1891 3942 peccarent,

243 3961 280 4022 ut
295 3975 425 4022 omnem
437 3961 604 4039 justitiam
621 3963 827 4041 adimpleret.
843 3967 881 4025 In
896 3963 1040 4026 histen-
1092 3976 1161 4022 non
1185 3961 1342 4023 vicerunt
1365 3977 1401 4023 se
1432 3978 1506 4024 esse
1540 3963 1667 4032 nudos,
1691 3966 1806 4040 postea
1825 3979 1892 4024 co-

242 4057 424 4121 tationibus
446 4058 597 4121 diabolus
615 4061 665 4122 est
686 4061 913 4139 multipliciter
931 4064 1038 4125 victus
1092 4061 1290 4136 gnoverunt.
1308 4059 1402 4121 Unde
1418 4061 1618 4136 Gregorius:
1634 4077 1653 4120 ι
1669 4060 1893 4137 suggestione

243 4157 321 4234 quia
337 4155 393 4232 qui
406 4157 548 4233 primum
561 4157 739 4234 hominem,
753 4160 849 4234 idest,
865 4160 970 4222 Adam
982 4162 1039 4224 tri·
1093 4158 1335 4233 cognoscimus
1362 4157 1581 4221 delectatione
1604 4159 1779 4232 vincimur,
1801 4173 1891 4220 con-

242 4253 560 4342 bustentationibus
577 4257 714 4330 vicerat,
731 4257 766 4319 in
784 4259 908 4321 eisdem
924 4260 1037 4322 tenta·
1093 4271 1194 4317 sensu
1213 4256 1312 4317 etiam
1335 4256 1525 4332 ligamur.»

242 4351 422 4414 tionibusa
438 4354 582 4414 secundo
594 4354 740 4428 homine,
758 4356 854 4427 idest,
871 4373 890 4418 a
906 4359 1037 4420 Christo
1132 4353 1172 4415 Et
1190 4356 1268 4415 nota
1288 4355 1374 4432 quod
1395 4354 1553 4432 quidquid
1578 4353 1612 4415 iu
1627 4354 1750 4416 mundo
1764 4353 1827 4426 est,
1853 4355 1893 4416 ut

243 4450 294 4512 est
308 4451 494 4527 superatus,
512 4452 590 4528 quia
609 4469 677 4514 non
695 4455 802 4531 potuit
821 4455 870 4517 sic
887 4456 927 4517 de
951 4473 1037 4520 novo
1091 4453 1237 4513 loannes
1263 4452 1321 4521 ait,
1343 4451 1610 4530 concupiscentia
1631 4453 1742 4513 carnis
1764 4453 1825 4523 est,
1857 4453 1893 4514 et

242 4548 308 4612 isto
334 4549 478 4623 homine,
501 4549 587 4611 sicut
610 4550 650 4612 de
678 4551 783 4613 veteri
808 4553 1035 4630 triumphare:
1092 4550 1359 4627 concupiscentie
1375 4551 1557 4622 oculorum,
1579 4551 1612 4611 et
1631 4549 1890 4627 superbieritee,

243 4647 321 4726 quia
332 4649 458 4726 primus
473 4646 571 4710 homo
582 4647 622 4710 de
637 4650 726 4710 terra
744 4652 908 4724 terrenae,
923 4667 1038 4714 secun·
1091 4648 1234 4723 pertinet
1248 4649 1289 4710 ad
1303 4648 1500 4726 voluptates.
1515 4648 1787 4725 Concupiscentia
1805 4663 1891 4709 ear-

242 4746 304 4808 dus
319 4746 418 4809 nomo
433 4746 474 4807 de
489 4746 572 4808 coelo
588 4748 743 4821 ecclesus,
768 4749 802 4811 et
820 4750 876 4827 qul
896 4750 935 4812 de
953 4751 1036 4812 coelo
1091 4744 1155 4816 nis,
1175 4746 1444 4822 concupiscentia
1465 4746 1637 4808 oculorum
1656 4745 1698 4807 au
1718 4760 1809 4823 opes,
1828 4761 1892 4806 su-

241 4845 333 4907 venit
355 4859 455 4922 super
470 4861 583 4907 omnes
599 4847 658 4909 est.
684 4848 818 4909 rlentari
835 4848 942 4925 potuit
958 4849 1036 4926 quia
1091 4841 1206 4920 porbia
1222 4844 1299 4905 vitae
1318 4843 1462 4921 pertinet
1480 4844 1521 4905 ad
1545 4844 1700 4906 honores.
1717 4847 1753 4905 ln
1768 4843 1893 4921 volup-

240 4941 357 5015 voluit,
372 4942 430 5004 sed
446 4944 597 5020 superari
617 4959 684 5006 non
702 4945 820 5022 potuit,
837 4946 914 5023 quia
930 4947 1038 5009 noluit
1090 4941 1214 5002 tatibus
1235 4941 1340 5003 tentat
1365 4957 1424 5019 per
1447 4942 1559 5018 gulam
1588 4943 1621 5004 et
1644 4941 1822 5004 luxuriam.
1850 4945 1890 5003 Iu

241 5039 455 5102 succumbere
467 5041 636 5102 tentatori.
1091 5037 1208 5115 opibus
1219 5039 1325 5100 tentet
1340 5055 1399 5116 per
1410 5040 1624 5117 cupiditatem
1644 5042 1677 5102 et
1695 5040 1886 5102 avaritiam.

281 5142 353 5202 Duo
365 5142 443 5202 sunt
457 5153 581 5216 genera
593 5138 832 5202 tentationum:
849 5157 951 5203 unum
973 5159 1036 5204 ex·
1091 5139 1128 5198 In
1147 5136 1329 5198 honoribus
1346 5137 1453 5200 tentat
1472 5154 1532 5215 per
1553 5138 1742 5216 superbiam
1762 5139 1795 5200 et
1811 5141 1891 5216 jac-

239 5236 356 5310 terius,
370 5237 550 5300 etalterum
563 5237 716 5299 interius.
733 5237 887 5300 Exterior
897 5239 1036 5301 tentatio
1090 5235 1240 5298 tantiam.
1251 5235 1398 5296 Primum
1410 5251 1552 5313 namque
1566 5237 1734 5298 bominem
1745 5238 1891 5300 tentavit

240 5335 291 5396 est
308 5334 440 5411 quando
455 5334 552 5396 nobis
572 5333 795 5396 extrinsecum
814 5335 938 5396 malum
965 5336 1036 5398 sive
1091 5334 1186 5409 gula;
1199 5332 1330 5410 quando
1343 5335 1510 5410 persuasit
1523 5335 1554 5395 ei
1567 5335 1740 5396 comedere
1753 5349 1890 5411 pomum

238 5430 427 5505 visibiliter,
440 5431 510 5494 sive
525 5431 739 5495 invisibiliter
753 5431 941 5494 faciendum
957 5449 1036 5510 sug·
1054 5441 1059 5450 “
1089 5432 1238 5494 vetitum.
1250 5431 1403 5494 Tentevit
1419 5432 1575 5510 superbia
1589 5434 1641 5495 vel
1657 5449 1742 5494 vana
1764 5432 1887 5509 gloria,

239 5531 378 5608 geritur.
413 5530 555 5592 interior
586 5530 725 5594 tentatio
758 5532 808 5594 est
834 5533 964 5610 quando
993 5549 1036 5595 ex
1090 5529 1221 5607 quaudo
1236 5528 1338 5590 dixit:
1360 5530 1472 5592 Eritis
1489 5532 1578 5592 sicut
1602 5534 1661 5604 dii,
1682 5531 1778 5603 idest,
1800 5531 1889 5594 sicut

240 5629 331 5692 motu
349 5645 462 5708 prevae
483 5628 712 5692 delectationis
731 5631 882 5693 internus
904 5631 1035 5694 animus
1090 5627 1212 5689 divinae
1232 5642 1394 5704 personae,
1413 5627 1577 5700 videlicet,
1595 5630 1696 5691 Pater
1714 5631 1748 5692 et
1766 5628 1886 5701 Filius,

241 5727 283 5788 ed
296 5729 500 5806 peccandum
516 5727 725 5792 sollicitatur.
742 5731 821 5792 Haec
836 5731 946 5793 eutem
959 5731 1036 5793 ten·
1090 5729 1121 5788 et
1135 5724 1278 5803 Spiritus
1294 5727 1445 5788 Sanctus.
1467 5727 1619 5789 Tentavit
1633 5726 1813 5806 cupiditate
1833 5729 1888 5790 vel
