3992 6380
108 419 167 480 873
555 413 717 477 OGPAVA
739 413 928 476 PASGHAE.
952 413 1077 476 nuum
1100 411 1302 482 SECUNDA.
1694 413 1752 474 874

109 576 194 639 sicut
211 576 247 637 in
264 571 401 638 cantico
418 576 630 639 Canticorum
650 575 810 653 scriptum
826 575 900 636 est:
957 575 1030 650 tris,
1050 577 1274 642 obedientium
1293 577 1434 640 fratrum
1455 577 1488 638 et
1506 591 1678 638 servornm
1693 573 1754 634 de-

109 675 341 736 nouolutum
363 675 555 736 Smoueouts
582 674 767 750 sexaginta
794 675 904 748 sortes
957 675 1059 748 vetio,
1083 678 1116 737 et
1142 677 1205 738 hoc
1234 675 1361 737 duobus
1389 675 1495 736 modis
1521 695 1528 733 :
1552 674 1610 734 aut
1637 687 1752 733 eorum

108 772 263 833 ambiunt
278 758 387 848 (Gant'.
404 786 453 843 111,
473 769 519 850 7).
541 774 607 832 Sex
626 771 714 832 enim
732 773 809 832 sunt
829 788 902 848 quae
957 771 1053 833 bonis
1079 773 1207 834 actibus
1239 772 1433 844 invidendo,
1460 772 1519 833 aut
1549 771 1752 846 singularem

107 869 197 930 omni
221 868 373 930 custodia
396 884 530 930 servare
548 869 715 941 debemus,
736 869 900 941 videlicet,
957 869 1100 944 gratiam
1115 871 1214 933 nimis
1229 871 1426 932 aemulando.
1442 869 1565 944 vigilet
1582 869 1684 942 igitur
1698 865 1753 926 ad-

108 966 252 1043 quinque
267 981 385 1027 sensus
399 967 547 1044 corporis
567 967 672 1028 nostri
692 967 725 1028 et
740 967 901 1028 intentio·
956 983 1074 1028 versus
1094 984 1227 1030 carnem
1245 970 1337 1044 rigor
1351 966 1547 1044 disciplinae,
1564 965 1678 1026 contra
1694 966 1752 1040 ju-

107 1077 182 1126 nem
201 1064 331 1125 mentis.
348 1066 434 1126 Nam
454 1081 572 1126 sensus
594 1064 743 1142 corporis
758 1065 902 1142 quinque
957 1065 1079 1126 dicium
1096 1066 1166 1138 Dei,
1171 1067 1343 1148 judicium
1362 1065 1505 1143 propriae
1520 1062 1750 1124 confessionis.

107 1161 195 1234 sunt,
210 1161 366 1224 videlicet
385 1161 488 1235 visua,
512 1162 659 1234 auditus,
676 1163 811 1238 gusina,
821 1162 903 1224 odo-
956 1163 996 1224 ut
1007 1162 1072 1224 hoc
1086 1162 1122 1226 lit
1136 1163 1281 1241 duplex:
1305 1162 1515 1224 manifestum
1533 1161 1573 1221 de
1586 1159 1750 1221 manifes-

105 1259 198 1320 ratus
213 1259 246 1321 et
262 1259 381 1321 tactus.
400 1261 551 1338 Quinque
571 1277 687 1321 sensus
703 1260 737 1322 in
757 1260 901 1338 quinque
955 1260 1010 1329 tis,
1026 1261 1189 1322 occultum
1205 1262 1245 1322 de
1262 1261 1410 1333 occultis,
1428 1260 1464 1322 ut
1477 1258 1525 1320 ait
1546 1257 1720 1334 Apostolus
1738 1277 1745 1316 ι

102 1356 193 1433 J'ugis
212 1355 312 1417 boum
333 1355 531 1433 ligurantur,
552 1357 670 1435 quibus
685 1373 720 1419 se
739 1358 902 1418 excusant
956 1361 993 1420 Sc·
1010 1361 1235 1434 uosucettpsos
1249 1360 1533 1432 dijudicaremur,
1547 1371 1615 1418 uou
1633 1355 1750 1428 utiquc

104 1453 260 1529 quidam,
275 1451 279 1458 '
292 1469 336 1516 ne
363 1455 404 1516 ad
439 1456 573 1532 nuptias
597 1454 728 1516 Domini
753 1454 899 1516 veniant.
948 1459 1193 1529 judicaremur
1207 1455 1237 1535 (Ι
1255 1458 1329 1517 Cor.
1347 1471 1395 1526 xi,
1414 1452 1487 1532 31);
1502 1455 1618 1516 contra
1639 1452 1751 1512 delec-

106 1551 214 1612 Unum
245 1567 324 1613 vero
354 1553 406 1614 est
438 1554 570 1630 dequo
601 1553 760 1614 Dominus
797 1551 898 1614 dicit:
955 1554 1129 1626 tationem,
1163 1571 1237 1630 quae
1268 1552 1417 1630 procedit
1449 1551 1493 1612 de
1519 1549 1750 1612 recordatione

101 1661 212 1721 porro
226 1665 335 1711 uuum
349 1651 404 1725 est
421 1653 656 1712 necessarlum
674 1650 767 1730 (Luc.
783 1667 817 1722 x,
833 1648 897 1730 42).
955 1654 1183 1728 peccatorum,
1216 1650 1400 1728 frequentia
1430 1649 1601 1722 lectionis3
1635 1648 1750 1708 contra

106 1747 176 1806 Hoc
192 1761 294 1807 unum
310 1747 360 1808 est
378 1748 518 1809 intentio
537 1748 669 1820 mentis,
691 1747 731 1810 de
750 1764 814 1825 qua
839 1751 902 1810 Sa-
954 1749 1149 1811 instantiam
1169 1748 1373 1820 tentationis,
1397 1746 1557 1808 instantia
1582 1744 1751 1822 supplica-

106 1841 219 1904 lomon
229 1844 276 1906 ait
292 1865 300 1904 ε
319 1847 419 1906 Omni
430 1845 584 1908 mastodtu
597 1859 702 1908 serua
715 1861 776 1908 cor
789 1847 898 1920 titum,
955 1844 1056 1906 tionis
1072 1845 1105 1906 et
1119 1844 1298 1919 orationis;
1323 1843 1438 1904 contra
1459 1841 1598 1902 fratrum
1617 1839 1751 1917 inquie-

104 1944 187 2014 que‘a
202 1955 248 2002 cor
261 1945 335 2016 ipso
349 1943 422 2004 uita
439 1945 604 2018 procedit.
785 1989 787 1994 ¹
954 1942 1113 2014 tudinem,
1134 1940 1294 2019 patientia
1313 1941 1346 2002 et
1367 1939 1568 2015 compassi0;
1589 1937 1749 1998 adversus

141 2039 178 2098 Si
194 2039 297 2114 igitur
312 2054 425 2113 unum,
442 2041 527 2119 quod
544 2042 594 2104 est
612 2042 751 2105 intentio
766 2041 897 2115 meniis,
955 2040 1177 2103 obedientium
1192 2037 1332 2100 fratrum
1350 2033 1752 2124 fervorem,congratula-v

6 2197 13 2210 ,
101 2135 250 2213 quinque
274 2138 426 2199 sensibus
444 2139 597 2217 superius
621 2141 800 2203 nominatis
819 2144 900 2219 jun·
954 2139 1001 2202 tio
1016 2142 1049 2201 et
1063 2139 1229 2200 discretio.
1248 2135 1496 2213 congratulatio
1517 2134 1609 2196 enim.
1621 2130 1748 2209 expulit

100 2235 217 2308 gatur,
247 2249 306 2296 sex
332 2235 469 2298 faciunt.
500 2239 579 2298 Cum
605 2239 738 2300 senario
761 2255 899 2301 numero
954 2237 1126 2309 invidiam,
1149 2235 1306 2298 discretio
1330 2234 1470 2295 nimiam
1490 2231 1748 2294 aemulationem.

101 2331 264 2392 Dominus
278 2333 313 2394 in
327 2334 382 2396 vie
395 2335 546 2410 graditur
558 2335 740 2409 nobiscum,
762 2336 850 2414 quia,
870 2338 899 2397 si
994 2337 1094 2398 Oruul
1109 2337 1263 2397 custodia
1276 2331 1571 2402 sarcasmorum,
1588 2330 1750 2402 quoniam

103 2427 137 2487 in
145 2429 279 2504 justitia
290 2430 323 2492 et
336 2432 597 2494 sanctificatione
610 2433 709 2511 buius
721 2435 798 2496 vuae
810 2435 899 2495 viam
953 2449 1000 2496 ecc
1018 2437 1094 2509 ipso
1113 2434 1187 2494 otto
1200 2432 1367 2508 procedit.
1385 2431 1415 2490 N
1418 2446 1460 2491 on
1484 2429 1519 2490 in
1535 2429 1619 2498 loco,
1632 2425 1689 2486 sed
1712 2424 1748 2484 in

100 2527 362 2601 cucurrerimus,
381 2527 533 2590 bravium
552 2531 628 2592 vitae
644 2531 777 2592 aeternae
797 2536 898 2594 aDeo
953 2532 1062 2592 mente
1081 2530 1187 2606 gloria
1207 2530 1321 2590 nostra
1344 2529 1406 2600 est,
1427 2527 1504 2604 quia
1528 2541 1594 2586 non
1617 2522 1749 2584 felicem

99 2623 335 2701 percipiemus.
351 2629 440 2688 Bene
458 2643 539 2703 ergo
561 2628 683 2690 dictum
704 2629 777 2690 est:
794 2633 899 2692 Omni
952 2628 1033 2691 facit
1046 2627 1216 2700 locus,sed
1232 2627 1310 2689 vita.
1327 2625 1469 2703 EtJuxta
1476 2623 1626 2685 veritatis
1641 2635 1749 2681 asser·

96 2721 255 2782 custodio
269 2738 374 2784 seruo
387 2727 568 2798 cortuum,
585 2729 665 2799 quia
679 2730 811 2801 eutoso
826 2729 898 2790 uita
951 2727 1087 2799 tionem,
1107 2742 1150 2787 ex
1170 2725 1269 2787 corde
1288 2723 1437 2801 procedit
1457 2721 1542 2799 quod
1559 2717 1750 2796 coinquinat

96 2821 265 2890 procedit.
287 2820 420 2882 Duobus
443 2823 548 2883 modis
569 2839 589 2884 a
609 2824 793 2886 conlevita
815 2841 897 2902 pro·
952 2824 1133 2897 bominem,
1153 2823 1309 2901 quoniam
1326 2820 1421 2882 bonis
1434 2819 1489 2882 vel
1502 2818 1599 2879 malis
1622 2815 1749 2877 deside-

96 2913 189 2977 cedit
206 2937 212 2977 :
228 2917 286 2978 aut
304 2919 380 2995 quia
396 2921 495 2981 corde
510 2921 655 2982 creditur
669 2922 710 2982 ad
719 2923 895 2998 Justitiam,
952 2922 1013 2983 riis
1028 2921 1139 2983 anima
1152 2921 1328 2982 damnatur
1340 2919 1392 2981 vel
1407 2914 1648 2986 salvatur.Sed
1663 2929 1747 2991 quo-

99 3012 256 3090 etjustus
271 3031 314 3075 ex
330 3015 394 3077 fide
408 3017 500 3089 vivit,
516 3019 681 3080 aimundo
697 3020 796 3081 corde
811 3023 897 3082 Deus
953 3019 1042 3080 uiam
1054 3019 1173 3080 animae
1185 3019 1217 3078 et
1229 3016 1339 3078 carnis
1350 3015 1386 3076 in
1396 3015 1495 3075 unius
1506 3027 1656 3089 personae
1667 3025 1749 3072 con-

100 3110 234 3172 videtur
258 3112 291 3174 et
318 3115 548 3190 cognoscitur,
580 3117 613 3178 et
640 3121 712 3179 bruc
744 3119 797 3179 est
825 3120 899 3181 uita
948 3117 1121 3194 Junctione
1157 3115 1301 3177 maxima
1336 3114 1387 3175 θεῖ
1414 3113 1510 3183 unic,
1541 3122 1748 3186 summopere

97 3208 245 3281 oeterua,
262 3207 306 3270 'ut
322 3214 527 3287 copnoccaut
543 3215 575 3274 ic
590 3229 714 3276 oerum
728 3219 849 3288 Deum,
866 3219 898 3279 et
952 3214 1191 3291 providendum
1218 3212 1269 3274 θεῖ
1292 3228 1335 3273 ne
1361 3211 1472 3273 carnis
1504 3207 1677 3269 delectatio
1707 3204 1749 3268 ad

95 3319 197 3380 quem
232 3305 323 3367 misit
354 3308 468 3369 Jesum
506 3308 692 3384 Cbristum3
731 3312 788 3373 aut
820 3313 897 3389 quia
952 3327 1149 3373 consensum
1174 3311 1321 3372 animam
1345 3308 1467 3379 uehat,
1490 3307 1523 3368 et
1548 3305 1623 3367 dum
1648 3301 1749 3364 nimis

97 3400 250 3462 Christus
275 3402 345 3464 vita
368 3405 498 3478 nostra,
522 3407 578 3483 qui
603 3423 691 3468 nunc
717 3423 777 3484 per
800 3409 897 3471 fldem
952 3410 1143 3485 indulgetur
1157 3409 1262 3480 carni,
1277 3409 1350 3484 ipsa
1364 3404 1545 3468 lasciviens
1565 3402 1748 3464 reluctetur

97 3496 279 3561 habitatin
300 3501 455 3564 cordibus
476 3504 610 3576 nostris,
634 3521 708 3567 cum
733 3521 899 3584 apperue·
952 3507 1095 3584 spiritui,
1119 3507 1271 3583 atquem
1299 3503 1428 3581 oportet
1448 3500 1578 3577 subjici,
1608 3497 1749 3573 incipiat
1794 3567 1800 3584 ‚

1 3603 4 3608 ’
97 3596 142 3657 rit
167 3595 201 3658 θῖ
220 3613 280 3658 nos
300 3615 374 3660 cum
391 3600 463 3678 ipso
478 3602 711 3678 apparebimus
725 3604 760 3665 in
777 3605 895 3681 gloria,
952 3605 1128 3668 dominari.
1145 3607 1225 3677 Quae
1240 3617 1320 3664 vero
1335 3616 1425 3663 mors
1440 3598 1575 3676 gravior
1590 3595 1647 3658 ant
1670 3610 1748 3656 cus„

97 3694 133 3755 ut
148 3694 207 3771 qui
229 3710 319 3758 nunc
342 3697 423 3759 latet
447 3699 483 3759 in
507 3699 617 3772 corde,
638 3702 717 3762 tunc
738 3703 835 3779 quasi
857 3703 897 3764 de
951 3703 1041 3765 todia
1065 3701 1283 3779 periculosior
1304 3714 1402 3778 quarn
1424 3695 1637 3758 animarumf
1655 3689 1747 3765 Quod

95 3791 198 3852 corde
222 3792 262 3853 ad
283 3809 403 3870 corpus
428 3796 598 3872 procedat,
624 3798 681 3874 qui
704 3798 897 3862 reformabit
951 3801 1018 3862 tam
1034 3800 1099 3860 cito
1113 3798 1197 3870 lieri,
1214 3813 1312 3874 quam
1327 3795 1439 3856 anima
1454 3791 1552 3854 facile
1567 3790 1676 3870 potest
1692 3788 1748 3850 in·

95 3904 220 3964 corpus
228 3889 426 3953 humilitatis
439 3895 562 3956 nostrae
573 3895 814 3970 configuratum
828 3914 897 3960 cor·
950 3898 1078 3960 terilcif
1097 3899 1176 3968 Quae
1199 3895 1321 3971 sagitta
1343 3893 1441 3954 citius
1462 3889 1621 3951 fabricari
1640 3887 1747 3964 potest

96 3987 172 4062 pori
194 3987 356 4050 claritatis
377 4005 459 4051 suae.
484 3991 577 4052 Unde
599 3993 632 4053 et
653 3993 739 4053 alius
755 3996 898 4070 Aposto·
952 4011 1050 4072 quem
1075 3994 1269 4071 peccatuml
1297 3990 1377 4061 Quis
1401 3988 1464 4049 sibi
1492 4003 1512 4048 a
1547 3984 1745 4060 cogitatione

95 4083 149 4143 lus
169 4084 240 4146 ait:
261 4089 362 4148 Nuuc
382 4089 445 4160 filit
466 4092 529 4149 Det
549 4103 670 4150 sumus
693 4091 726 4151 ei
745 4095 897 4154 noudum
950 4093 1068 4154 saltem
1082 4089 1267 4168 praevidere
1282 4087 1410 4166 potestt
1428 4085 1468 4146 nt
1485 4085 1560 4145 ideo
1579 4096 1746 4158 nunquam
1766 4111 1769 4118 ·

94 4183 263 4256 apparuit
272 4187 353 4256 quid
367 4189 500 4246 erimus
515 4183 559 4264 (ΙΙ
573 4189 669 4248 ioan.
684 4202 733 4259 111,
749 4187 794 4268 2).
951 4188 1206 4259 dormitandum,
1219 4184 1276 4247 sed
1288 4182 1482 4260 vigilantius
1492 4183 1525 4244 et
1534 4177 1746 4244 attentiusde

139 4278 205 4339 Sed
234 4281 512 4342 considerandum
536 4283 632 4345 nobis
661 4284 712 4346 θεῖ
734 4287 895 4363 quomodo
951 4286 1004 4348 die
1018 4287 1053 4347 in
1069 4286 1155 4346 diem
1170 4283 1266 4345 nobis
1279 4282 1442 4359 agendum
1455 4282 1516 4341 θεῖ.

95 4377 187 4438 dicat
203 4399 211 4436 ε
228 4381 328 4440 Orntti
346 4381 501 4442 custodia
515 4396 619 4444 serua
636 4397 698 4444 cor
715 4384 823 4445 tuetur.
840 4387 896 4446 Est
990 4385 1158 4446 Praeterea
1200 4381 1378 4456 diligenter
1416 4374 1746 4439 animadvertendum

95 4475 209 4536 autem
232 4491 290 4538 cor
311 4478 457 4538 castrum
481 4479 612 4552 animae,
637 4480 722 4557 quod
747 4481 781 4541 in
805 4483 895 4545 terra
950 4483 1010 4554 θεῖ,
1019 4497 1121 4559 quare
1131 4473 1596 4558 competenterdicatiu,quod
1605 4473 1670 4534 duo
1683 4472 1747 4532 dis-

95 4572 310 4635 inimicorum
330 4576 428 4637 situm
451 4576 595 4653 undique
615 4580 839 4654 oppugnatur,
863 4583 895 4644 et
950 4580 1052 4658 cipuli
1067 4578 1159 4640 ibant
1173 4578 1208 4638 in
1221 4573 1490 4650 castellumquod
1505 4573 1579 4634 erat
1591 4570 1747 4632 abieru-

95 4669 223 4731 idcirco
239 4672 328 4733 omni
344 4673 504 4745 custodia,
521 4674 616 4746 idest,
634 4691 676 4736 ex
693 4677 783 4737 omni
802 4681 895 4755 parte
950 4677 1054 4739 salem
1074 4677 1109 4738 in
1130 4675 1237 4752 spatio
1261 4672 1444 4736 stadiorum
1464 4669 1649 4746 sexaginta.
1671 4670 1747 4744 Ipsa

94 4767 251 4844 vigilanti
276 4770 501 4832 sollicitudine
520 4773 734 4834 muniendum
757 4776 817 4848 est,
838 4792 896 4836 su·
950 4776 1038 4838 enim
1050 4773 1181 4837 itineris
1194 4770 1490 4850 quantitasmentis
1503 4783 1617 4829 eorum
1632 4765 1748 4842 expri-
1840 4829 1842 4836 .

94 4866 209 4942 parius
234 4866 360 4928 sciliret
377 4868 409 4929 et
432 4867 584 4942 inferius,
603 4872 680 4933 ante
703 4872 735 4932 et
749 4875 850 4946 retr0,
876 4889 895 4936 a
950 4873 1010 4934 mit
1025 4871 1230 4948 qualitatem.
1250 4869 1398 4930 Stadium
1415 4866 1529 4928 dicunt
1548 4865 1654 4928 Graeci
1672 4879 1746 4925 esse

94 4963 224 5025 dextris
249 4966 280 5027 et
307 4981 326 5026 a
351 4965 507 5027 sinistris.
524 4967 665 5028 Inferius
698 4968 806 5046 ipsum
834 4987 896 5048 op·
951 4971 1092 5048 spatium
1116 4969 1252 5031 centum
1270 4965 1550 5043 vigintiquinque
1565 4979 1744 5040 passuum3

95 5065 223 5138 pugnat
248 5063 515 5140 concupiscentia
538 5065 659 5138 carnis,
681 5082 754 5143 quae
777 5067 896 5130 militat
951 5069 1029 5145 quia
1041 5066 1242 5128 fortissimus
1256 5064 1496 5142 quidamgigas
1512 5062 1645 5126 nomine
1660 5063 1747 5120 Her·-

93 5159 259 5222 adversus
277 5159 437 5234 animam3
455 5161 591 5237 spiritus
606 5165 721 5224 contra
736 5165 895 5226 adversus
951 5166 1041 5227 cules
1056 5181 1121 5226 uno
1137 5164 1287 5225 anhelitu
1306 5164 1440 5223 centurn
1459 5159 1584 5236 viginti·
1601 5160 1748 5236 quinqua

94 5273 248 5330 carnem,
279 5259 432 5335 superius
460 5258 610 5320 imminet
631 5260 795 5337 judicium
823 5264 893 5325 Dei.
950 5279 1068 5340 passus
1079 5262 1236 5332 cucurrit,
1253 5260 1286 5322 et
1300 5259 1377 5336 quia
1392 5257 1439 5317 ibi
1459 5257 1549 5320 stetit
1568 5257 1747 5318 stadiuma

96 5355 307 5415 Horrendum
321 5355 409 5417 enim
422 5356 473 5417 est
487 5356 634 5418 incidere
649 5357 684 5418 in
700 5375 818 5420 manus
835 5362 895 5421 Dei
951 5361 1070 5422 stando
1085 5359 1248 5422 vocatum.
1271 5357 1328 5418 Est
1340 5357 1451 5417 autem
1471 5355 1614 5416 stadium
1629 5355 1746 5414 octava

95 5451 252 5512 viventis.
281 5454 393 5525 Retr0,
424 5453 596 5514 mortifera
616 5455 790 5518 delectatio
823 5475 895 5534 quae
950 5473 1028 5535 pars
1046 5456 1205 5516 milliarii.
1226 5455 1418 5530 supputatis
1437 5448 1549 5529 itaqu'e
1570 5449 1746 5524 sexaginta

96 5565 143 5610 ex
160 5549 391 5611 recordatione
407 5550 650 5626 praeteritorum
672 5554 800 5615 eruitur
813 5570 895 5631 pec·
951 5555 1079 5626 stadiis,
1103 5552 1227 5631 septem
1248 5551 1405 5612 milliaria
1416 5549 1552 5620 faciunt,
1570 5547 1603 5608 et
1617 5546 1746 5607 medie-

96 5649 263 5722 catorum3
294 5649 390 5720 ante,
421 5648 581 5710 instantia
610 5649 839 5712 tentationum.
868 5655 895 5714 A
949 5653 1051 5714 tatem
1066 5650 1184 5712 octavi.
1202 5652 1306 5710 Porro
1322 5665 1382 5709 sex
1398 5649 1439 5708 ad
1459 5659 1560 5723 opera
1580 5645 1747 5722 pertinere

55 5812 61 5822 ,
96 5743 257 5818 sinistris,
272 5744 492 5820 irrogantium
526 5745 735 5823 inquietudc;
764 5765 784 5810 a
812 5749 897 5812 den-
951 5748 1160 5811 notissimum
1175 5746 1235 5820 est,
1250 5746 1327 5823 quia
1341 5745 1378 5811 in
1393 5759 1452 5805 ser
1465 5741 1733 5806 diobusdistinxi
