4122 6304
72 299 112 360 aa
741 297 1084 387 onnonouanus:
1178 293 1183 305 ’
1685 305 1725 366 ao

71 503 92 548 s
113 500 211 564 quam
238 484 338 564 hujus
353 479 468 566 ,libelli
494 483 744 548 commentaria.
764 485 870 548 »Non
925 485 1023 549 nibus
1043 485 1098 549 hio
1117 485 1319 552 conveniunt
1339 486 1501 559 oratores,
1516 489 1634 566 quihus
1647 505 1726 554 nes·-

72 600 153 662 ergo
172 581 339 655 audiendi,
360 583 390 645 si
413 581 471 662 qui
494 582 604 644 minus
622 583 721 661 periti
751 584 871 646 existi-
926 584 1089 648 cientibus
1101 587 1272 664 quantum,
1286 587 1430 665 etquam
1447 586 1726 666 pretiosissimum

71 682 174 756 ment,
187 682 251 745 hoc
263 681 494 760 argumentum
507 697 573 743 non
586 683 658 759 ejus
671 697 745 744 esse
757 682 872 760 digni·
925 683 960 744 in
980 683 1043 744 hac
1062 684 1221 761 praedicta
1240 684 1382 748 ecclesia
1411 686 1638 748 sanctuarium
1663 688 1724 751 Dei

70 783 163 855 tatis,
178 779 355 859 quodcum
367 779 459 842 tanto
472 782 634 858 apparatu
648 781 786 844 tractari
798 797 872 844 me·
926 781 969 844 sit
987 782 1206 853 reconditum,
1225 799 1286 860 per
1304 782 1445 848 istarum
1464 784 1725 848 insinuationem

69 879 197 943 reatur.
229 878 442 942 Meminerint
476 878 506 940 si
536 877 656 956 quiin
700 894 740 940 ea
775 879 873 948 erunt
926 879 1113 942 litterarum
1140 881 1294 943 volumus
1326 898 1399 944 esse
1430 883 1590 954 notatum,
1613 884 1725 946 saltim

70 977 303 1058 persuasione,
323 976 513 1039 hominibus
537 977 637 1040 etiam
661 978 872 1055 sapientissi-
927 978 1058 1056 quando
1070 977 1125 1040 hic
1138 979 1339 1042 conueniunt
1350 979 1392 1042 ad
1402 982 1607 1043 exorandum
1619 985 1725 1044 Deum

69 1078 137 1138 mis
149 1091 217 1140 non
230 1075 401 1154 indignam
418 1091 492 1138 esse
505 1076 592 1140 hanc
608 1091 744 1154 operam
761 1077 794 1140 et
810 1091 871 1140 co-
927 1076 988 1139 Dei
1000 1076 1105 1138 tilium
1117 1080 1136 1139 J
1140 1121 1148 1138 .
1163 1079 1198 1139 C.
1212 1080 1249 1139 D.
1258 1079 1299 1139 N.
1314 1079 1520 1140 salvatorem
1533 1081 1725 1142 sanctorum

68 1175 267 1252 gitationem
287 1175 323 1236 in
351 1190 438 1237 nora
460 1176 559 1250 Lege,
588 1174 720 1252 quaudo
748 1174 784 1236 in
813 1174 872 1238 illa
927 1190 987 1252 pro
1006 1190 1088 1253 pace
1110 1176 1233 1238 sanctae
1252 1175 1420 1246 Ecclesiae,
1440 1193 1500 1256 pro
1527 1178 1726 1252 remissione

67 1274 189 1347 reteri,
208 1272 441 1350 mysteriorum
460 1273 650 1336 nostrorum
675 1273 872 1350 gravitatem
927 1274 1074 1335 omnium
1095 1275 1317 1352 peccatorum,
1331 1291 1391 1352 pro
1403 1275 1605 1354 acquirenda
1618 1276 1724 1352 gloria

68 1373 201 1434 tantum
226 1370 455 1444 adumbrante,
487 1373 576 1434 Deus
604 1372 676 1450 ipse
700 1387 873 1434 sacrorum
927 1371 1282 1442 aeternaerisionisDei,
1292 1388 1351 1450 pro
1359 1373 1516 1436 societate
1525 1366 1725 1436 aeternorum

68 1471 198 1554 rituum
210 1470 476 1548 descriptionem,
497 1469 616 1548 quihus
634 1470 699 1532 coli
716 1470 749 1534 et
761 1469 872 1533 hono·
928 1469 1050 1532 civium
1063 1472 1096 1532 et
1108 1471 1297 1532 sanctarum
1310 1471 1508 1532 animarum.

67 1568 144 1630 rari
156 1567 296 1642 volebat,
313 1584 379 1630 non
392 1568 479 1630 inira
492 1585 528 1630 se
540 1569 661 1646 posuit.
968 1568 1073 1644 Igitur
1091 1568 1165 1646 post
1182 1567 1313 1632 beatam
1332 1585 1371 1632 ao
1394 1555 1601 1631 salutiferam
1621 1571 1658 1630 D.
1681 1568 1724 1632 N.

108 1667 154 1729 Et
168 1666 299 1744 quidem
317 1665 427 1744 magni
445 1667 589 1728 nominis
605 1667 671 1730 viri
689 1667 752 1730 hoc
768 1683 873 1746 genus
927 1669 957 1730 J.
972 1669 1006 1727 C.
1020 1667 1221 1744 passionem,
1234 1666 1267 1729 et
1284 1666 1327 1729 ab
1346 1667 1461 1730 inieris
1480 1667 1660 1744 gloriosam
1673 1667 1727 1745 ip-

66 1765 262 1842 argumenti
278 1764 361 1828 adeo
373 1780 439 1827 non
456 1765 689 1843 despexerunt,
709 1765 745 1828 ut
764 1766 874 1829 studia
928 1764 998 1828 sius
1017 1765 1306 1836 resurrectionem,
1320 1782 1380 1828 sen
1392 1766 1427 1828 in
1441 1765 1560 1828 coelum
1579 1765 1727 1828 admira-

66 1879 134 1924 sua
157 1878 198 1926 eo
223 1862 434 1926 contulerint.
456 1864 499 1926 Ut
524 1863 613 1926 enim
639 1864 871 1937 Cassandrum,
927 1863 1027 1926 bilem
1051 1863 1297 1933 ascensionem,
1320 1865 1475 1941 percepta
1499 1863 1726 1926 consolatione

66 1961 289 2039 Hittorpium,
314 1960 492 2024 Radulsum
517 1961 678 2024 decanum
697 1965 874 2039 Tungren-
928 1961 1161 2038 gloriosissimi
1183 1961 1344 2024 adventus
1369 1961 1512 2039 Spiritus
1537 1960 1666 2030 Sancti,
1690 1960 1726 2022 in

67 2058 875 2137 sem,aliosquesimilesinterimsileamus,·0nu-
929 2059 1051 2122 sortem
1064 2075 1133 2122 suae
1143 2059 1390 2137 praedicationis
1402 2060 1550 2138 Apostoli
1559 2060 1622 2121 iter
1630 2075 1727 2128 suum

67 2157 158 2220 frius
187 2157 371 2219 Panvinius
394 2157 481 2219 hanc
512 2159 668 2222 ritualem
700 2159 874 2222 materiam
929 2158 1134 2228 direxerunt,
1145 2158 1179 2220 et
1196 2158 1413 2236 dispositione
1432 2157 1612 2220 ineffabilis
1625 2157 1728 2218 mise«

67 2255 208 2333 scriptis
228 2256 298 2318 suis
321 2255 513 2319 illustravit.
929 2257 1083 2320 ricordiae
1092 2257 1152 2320 Dei
1161 2257 1257 2334 regni
1268 2256 1412 2320 coelestis
1420 2256 1590 2319 senatores
1598 2255 1726 2326 eximii,

110 2356 191 2416 Non
208 2352 384 2418 deruerunt
399 2356 499 2418 etiam
520 2371 563 2420 ex
579 2355 736 2436 antiquis,
755 2354 874 2434 quibus
930 2357 1048 2419 Petrus
1061 2355 1189 2419 scilicet
1200 2355 1233 2418 et
1245 2355 1382 2425 Paulus,
1396 2356 1495 2434 caput
1511 2355 1611 2418 totius
1624 2353 1726 2424 orbis,

72 2453 164 2516 idem
183 2453 359 2516 consilium
377 2453 530 2532 idemque
547 2456 678 2517 animus
695 2454 768 2528 fuit,
792 2453 874 2516 illu·
928 2455 1016 2524 hanc
1028 2458 1212 2518 Romanam
1224 2453 1570 2523 videlicetciritatem
1584 2451 1728 2529 ingressi

71 2552 205 2615 strandi
233 2551 360 2615 scilicet
378 2551 462 2614 ritus
486 2556 666 2615 Romanos.
692 2552 874 2630 Plerosque
929 2554 1017 2623 sunt,
1031 2553 1067 2614 in
1079 2569 1144 2632 qua
1163 2552 1205 2614 ad
1225 2551 1385 2616 honorem
1403 2554 1441 2614 D.
1462 2552 1504 2614 Ν.
1517 2554 1548 2615 J.
1562 2553 1597 2612 G.
1610 2549 1728 2612 caillo-

71 2650 106 2712 in
120 2665 226 2714 unum
238 2650 873 2729 corpusredegitMelchiorHittorpius,
929 2650 1004 2712 licae
1027 2650 1106 2714 fidei
1129 2649 1380 2712 tundamentum
1400 2665 1501 2728 super
1520 2648 1670 2718 Petram,
1691 2646 1727 2710 id

73 2752 175 2829 cujus
187 2748 288 2812 editio
301 2750 351 2813 est
367 2749 403 2812 in
415 2749 564 2812 omnium
581 2747 746 2820 manibus,
760 2749 797 2810 ut
810 2763 874 2809 ne·
930 2748 981 2811 est
999 2747 1176 2820 Christum,
1191 2746 1333 2808 fideliter
1351 2745 1578 2808 collocarunt:
1592 2761 1652 2822 pro
1667 2760 1729 2808 cu·-

72 2864 172 2910 cesse
184 2863 250 2910 non
263 2847 307 2910 sit
322 2848 497 2910 auctorum
517 2845 651 2908 illorum
664 2845 799 2908 nomina
812 2845 876 2908 hoc
926 2849 982 2924 jus
995 2845 1227 2908 aedificationis
1238 2843 1444 2906 incremento
1462 2842 1625 2920 usquead
1643 2857 1729 2902 mor·

73 2947 150 3010 loeo
171 2961 357 3010 recensere.
377 2945 438 3008 liis
463 2944 665 3023 adjungendi
693 2944 781 3007 sunt.
802 2947 875 3007 Ru·
929 2945 997 3008 tem
1019 2943 1240 3016 decertarunt,
1266 2955 1327 3021 pro
1351 2943 1446 3020 cujus
1466 2956 1579 3003 amore
1602 2940 1729 3017 glorio-

75 3045 201 3124 pertus,
234 3045 404 3107 lohannes
438 3043 606 3117 Beletlrus,
635 3044 669 3106 et
700 3042 876 3106 Durandus
930 3057 1004 3107 sum
1028 3042 1224 3120 sanguinem
1252 3057 1350 3104 suum
1377 3039 1582 3115 effuderunt3
1606 3055 1646 3103 ac
1669 3038 1731 3116 deq

74 3145 215 3222 uterque
229 3159 329 3222 :quos
341 3157 462 3219 magno
474 3142 606 3218 agmine
619 3141 768 3219 sequitur
780 3140 876 3204 turha
930 3141 1031 3220 nique
1049 3140 1189 3205 mortem
1208 3140 1333 3210 crucis,
1349 3138 1382 3202 et
1395 3137 1499 3216 gladii
1512 3137 1729 3215 temporalem

74 3242 311 3314 recentiorum,
331 3241 388 3304 sed
405 3240 570 3317 insignior
585 3255 654 3318 prae
675 3239 795 3302 ceteris
812 3239 876 3317 piae
931 3239 1121 3310 subeuntes,
1147 3239 1247 3316 Regis
1270 3237 1407 3316 superni
1433 3236 1561 3300 curium
1586 3235 1729 3306 laureati

75 3340 247 3404 memoriae
265 3338 445 3402 cardinalis
462 3341 565 3401 Bona.
584 3340 634 3400 lix
649 3337 717 3399 illis
730 3337 876 3416 antiquis
931 3339 1106 3416 petierunt.
1121 3337 1179 3400 lsti
1192 3337 1269 3400 sunt
1280 3336 1345 3400 viri
1364 3335 1481 3408 sancti,
1496 3349 1636 3413 quorum
1649 3334 1730 3394 doc-

77 3437 270 3502 auctorihus
299 3437 500 3510 amalarius,
528 3437 561 3498 et
585 3436 643 3514 qui
672 3435 733 3498 sub
756 3433 876 3496 humili
930 3436 1019 3499 trina
1031 3434 1135 3513 fulget
1146 3434 1295 3502 Ecclesia
1309 3455 1317 3494 ε
1332 3449 1436 3512 qmm
1455 3433 1611 3508 antiquus
1623 3430 1729 3492 hostis

77 3539 213 3600 nomine
225 3537 330 3600 latere
341 3535 447 3598 voluit
462 3534 674 3611 Micrologus,
693 3533 824 3596 libellos
836 3533 878 3595 de
931 3549 991 3612 per
1002 3535 1168 3596 Neronem
1181 3531 1335 3611 primum,
1347 3529 1466 3592 deinde
1478 3527 1730 3606 persuoceden-

78 3637 204 3700 Ordine
238 3637 387 3701 nomano
424 3633 605 3698 studiosius
638 3632 752 3694 rimati
787 3631 875 3705 sunt,
931 3633 981 3696 tes
1000 3631 1168 3710 principes
1186 3645 1246 3708 per
1258 3628 1423 3692 treoentos
1436 3642 1543 3688 annos
1559 3626 1643 3688 eteo
1656 3639 1730 3686 am·-

79 3735 179 3813 atque
196 3749 240 3797 ex
255 3734 305 3796 eis
321 3733 465 3796 aliarum
476 3731 701 3795 Ecclesiarum
717 3731 802 3793 ritus
819 3730 878 3793 aut
931 3731 1019 3808 plius
1026 3729 1234 3808 impugnavit
1241 3728 1274 3790 et
1281 3725 1459 3799 concussit,
1470 3725 1528 3788 sed
1537 3723 1730 3786 nullatenus

78 3832 307 3907 correxerunt,
322 3832 380 3896 aut
390 3830 611 3896 illustrarunt.
829 3851 831 3858 ¹
932 3824 1425 3901 evertereraluit.Quumenim
1437 3821 1730 3902 plaenltei,quiti-

932 3927 1023 3990 deles
1042 3943 1120 3990 suos
1139 3927 1217 4005 igne
1236 3923 1402 4003 passionis
1420 3922 1573 4001 permisit
1599 3918 1730 3982 exami-

79 4043 146 4102 111.
174 4041 410 4102 EXCERPTA
430 4039 464 4100 Ε
482 4037 673 4100 JOANNIS
691 4035 881 4098 unacort!
931 4026 1018 4097 uari,
1040 4024 1275 4090 Constantinus
1293 4021 1474 4099 Augustus,
1495 4019 1679 4084 Constantii
1697 4018 1732 4082 et

79 4139 234 4200 LIBRIS
244 4139 308 4200 DE
319 4137 534 4199 ECGLESIA
546 4134 876 4197 LATERANENSI.
932 4125 1068 4189 Helenae
1092 4123 1193 4233 iliius,
1218 4121 1367 4230 culmen..
1381 4117 1517 4227 imperii·
1545 4115 1663 4226 subiit,
1695 4115 1731 4224 et

144 4299 179 4359 ln
193 4297 309 4360 nomine
323 4303 430 4356 sanctae
449 4303 478 4356 et
491 4293 645 4356 mdividnae
659 4293 814 4353 Trinitatis.
932 4217 1656 4393 ggzgzd?tffififfiaffigeffmffiljlqc}{231
1664 4227 1732 4370 inf}
1803 4247 1805 4253 Ι

122 4443 243 4521 incipit
260 4441 419 4520 scriptum
438 4440 479 4504 de
498 4453 661 4517 supremae
687 4432 879 4500 sanctuario
933 4430 1049 4482 mensa
1074 4416 1134 4480 1³01
1162 4415 1268 4494 Pietas
1294 4411 1475 4474 ⁰100l01'11ffl
1495 4422 1632 4518 suorum
1659 4405 1731 4470 ⁰¹³·

82 4543 207 4604 sanctae
231 4541 292 4603 Dei
316 4543 485 4609 Romanae,
505 4537 540 4598 id
563 4535 614 4599 est
632 4532 877 4604 Lateraneusis,
933 4517 1095 4582 mintium
1115 4513 1158 4578 dd
1177 4530 1213 4576 ⁸0
1232 4510 1338 4576 d010ri
1357 4509 1391 4574 θῑ
1410 4507 1572 4585 auguill&
1595 4519 1733 4583 compa,-

82 4638 243 4713 ecclesiae,
253 4637 470 4717 compositum
480 4635 521 4698 de
531 4633 677 4698 archivis
689 4633 723 4696 et
734 4630 879 4710 antiquis
931 4618 1031 4687 tiens,
1045 4611 1227 4679 salaminii
1246 4610 1280 4674 et
1298 4607 1443 4670 miserita
1460 4605 1561 4716 tantae
1573 4617 1732 4714 persecu-

82 4738 280 4800 Pontiilcum
309 4739 533 4800 Romanorum
558 4732 673 4810 gestis,
693 4747 767 4810 quae
785 4729 881 4792 ride-
932 4716 1035 4780 lionis
1065 4713 1165 4776 finem
1190 4711 1362 4788 imponere
1381 4717 1455 4818 '110ss
1479 4702 1618 4814 dlstlllll·
1646 4701 1731 4812 Qlssd

82 4834 162 4898 licet
189 4834 332 4898 ecclesia
365 4831 599 4912 patriarchalis
630 4831 665 4893 et
695 4827 880 4906 imperialis
934 4813 1052 4893 Plura?
1073 4810 1160 4873 Sisslli
1189 4805 1426 4919 Olfifflssssvsta
1447 4802 1554 4866 sansstl
1578 4799 1731 4912 Sllvdssill

82 4933 258 5011 privilegio
266 4950 305 4997 ao
313 4932 533 5012 praerogativa
544 4929 667 4994 sanctae
679 4927 882 5004 SedisApos-
934 4911 1067 4990 legitur,
1094 4907 1251 4987 praefatus
1281 4903 1462 4984 tmperntor
1479 4898 1731 5012 ‘Constantinus

81 5032 203 5103 tolicae,
217 5031 303 5094 dono
319 5013 436 5109 gratiae
452 5030 512 5092 Dei
521 5027 713 5092 salvatoris
728 5028 759 5089 J.
773 5026 808 5086 G.
822 5039 882 5086 su·-
934 5007 1132 5089 elephanti&
1144 5007 1237 5084 lepra
1248 5020 1269 5067 a
1281 5007 1349 5066 Deo
1361 4998 1545 5080 percutitur
1558 5019 1566 5060 τ
1580 5011 1635 5106 cut
1648 5011 1735 5106 lton«

82 5145 143 5208 per
168 5147 282 5194 omnes
307 5129 466 5193 eeclesias
485 5128 586 5194 totius
606 5125 696 5188 orbis
714 5123 881 5189 terrarum
933 5109 1041 5174 titlces
1071 5105 1220 5184 capitolii
1253 5103 1317 5166 hoc
1350 5097 1512 5164 dederunt
1541 5095 1730 5172 eonsilium,

82 5229 210 5293 obtinet
239 5228 497 5293 dominationem
521 5225 622 5304 atque
646 5222 879 5302 principatum,
935 5205 1098 5286 quatenus
1119 5204 1155 5266 iu
1173 5201 1336 5280 piscinam
1355 5197 1541 5266 occisorum
1552 5190 1734 5254 lntanttum

82 5329 265 5407 quaeetiam
276 5328 390 5392 divino
402 5326 486 5390 nutu
498 5322 672 5403 apostolici
685 5321 840 5384 culminis
848 5319 882 5383 et
935 5304 1101 5382 sanguim
1117 5301 1251 5380 plenam
1273 5289 1628 5408 nudusdesoenderet,
1653 5288 1686 5352 et
1703 5301 1734 5400 'a

83 5427 227 5491 Romani
241 5424 374 5506 imperii
392 5441 512 5490 nomen
522 5422 669 5502 possidet
686 5419 879 5498 gloriosum.
934 5403 1028 5484 lepra
1046 5403 1096 5469 sio
1108 5397 1294 5470 ,mundatus
1310 5393 1483 5474 pristinam
1494 5389 1671 5454 sammtem
1683 5401 1733 5450 sm

121 5525 328 5606 thuoniam
339 5525 427 5588 totus
439 5521 529 5588 orbis
540 5522 707 5586 terrarum
718 5519 797 5581 huic
809 5533 883 5580 ma·
935 5501 1109 5581 ΡθῦἱΡθῑθῑι
1123 5498 1186 5564 Ol&
1690 5589 1698 5604 ο
1730 5521 1732 5528 ’

83 5623 127 5687 tri
153 5625 304 5689 ecclesie
334 5621 454 5688 uepres
478 5618 695 5702 subjectionis
722 5615 883 5681 exhibere
946 5607 1103 5673 ..Deinde
1137 5601 1350 5686 privilegium
1385 5600 1545 5665 Romana
1574 5592 1734 5656 Ecclesiae

83 5723 181 5788 debet
200 5723 413 5804 obsequium
433 5719 528 5786 multi
548 5733 591 5784 ex
610 5715 752 5783 dirersis
770 5714 883 5796 regio·
912 5777 916 5788 ,
937 5703 1091 5774 Pontifici
1111 5703 1262 5775 contulit,
1285 5701 1323 5765 ut
1341 5700 1375 5762 in
1396 5697 1463 5762 toto
1485 5694 1564 5760 orbe
1583 5695 1733 5758 Romano
