3962 6294
44 353 88 415 nl
688 343 811 409 nunna
832 345 1043 408 censuum.
1633 359 1691 422 442

44 515 93 574 siae
105 512 138 571 in
149 506 543 586 aliquorebellare.ltem
554 506 638 568 nulli
649 507 836 578 statuentur
890 505 1073 570 calaritani
1092 507 1162 569 sive
1173 507 1354 586 judicatus,
1371 525 1470 588 quam
1484 513 1587 590 sigilli
1610 534 1691 595 pro-

45 610 77 672 ad
94 604 281 668 custodiam
304 605 490 666 castrorum
510 601 563 664 vel
585 602 713 666 arcium
730 603 835 680 ipsius
890 604 955 682 prii
967 606 1160 668 munimime
1175 604 1377 670 roboratum.

46 705 139 782 regui,
155 703 232 763 sire
245 701 415 780 judicatus
428 699 622 773 calaritani,
636 701 717 780 quin
728 701 835 779 primo
929 702 1692 784 Actumininlerioricamerapalatiirenerabi-

44 803 153 882 jurent,
167 800 345 873 bonorem,
356 797 543 862 libertatem
556 799 675 878 etjura
688 799 836 878 ejusdem
891 800 933 866 lis
948 801 1052 877 patris
1055 843 1129 864 ......
1145 801 1389 882 archiepiscopi
1398 807 1592 880 calaritani,
1603 812 1691 889 apud

48 900 189 964 inclesiae
205 913 271 976 per
290 897 401 978 omnia
425 898 458 960 et
476 897 511 958 in
527 896 678 960 omnibus
694 897 790 960 firma
804 897 838 959 et
891 897 1006 963 villam
1020 898 1149 962 Sanctae
1164 900 1319 974 Caeciliae,
1336 905 1556 980 praesentibus
1571 912 1693 988 magis-

48 999 161 1062 illibata
176 995 270 1059 bona
286 996 350 1058 lide
362 995 395 1057 et
409 995 482 1058 sine
494 994 611 1058 fraude
626 997 839 1058 servarein·
891 998 1109 1078 conclama
1121 998 1297 1074 praeposito
1310 1001 1575 1081 Foripopulensi,
1591 1023 1690 1084 pres-

48 1111 134 1174 super
159 1096 291 1164 autem,
321 1095 357 1156 ut
376 1094 448 1156 baec
473 1093 585 1156 omnia
610 1095 647 1156 in
669 1093 838 1172 posterum
892 1096 1008 1175 bptero
1021 1097 1244 1169 Beneveuuto,
1259 1098 1386 1161 rectore
1406 1103 1559 1166 ecclesiae
1578 1107 1692 1170 Sancti

50 1198 129 1256 lirma
144 1192 378 1271 permaneant,
396 1191 506 1269 obligo
520 1208 584 1265 me,
605 1207 761 1272 meosque
778 1191 840 1254 be·
893 1195 1067 1260 Michaelis
1093 1193 1392 1258 Lambertatiorum
1417 1201 1690 1278 Bononiensium,

49 1293 129 1354 redes
144 1291 187 1352 ad
208 1307 345 1368 paenam
367 1290 480 1352 decem
496 1291 639 1353 millium
651 1305 839 1352 marcarum
894 1293 1256 1371 magistroeeueuicm,
1280 1295 1547 1362 Corteseclerico
1567 1302 1693 1366 domini

51 1389 175 1466 algenti,
187 1389 218 1450 si
233 1390 351 1452 contra
362 1388 591 1466 praedictare]
603 1387 736 1466 aliquod
752 1403 841 1466 prae·
895 1392 1054 1470 Raynerii
1065 1395 1195 1458 Sanctae
1211 1397 1338 1470 Mariae,
1349 1396 1482 1458 diaconi
1495 1399 1690 1475 cardinalia,

51 1491 196 1550 dicturum
211 1503 277 1566 per
288 1503 339 1548 me
353 1487 406 1549 vel
421 1503 512 1548 meos
526 1486 679 1560 heredes,
694 1486 765 1548 sive
780 1500 842 1564 per
873 1481 878 1488 '
894 1489 1061 1554 nobilibus
1088 1491 1170 1552 viris
1193 1493 1378 1566 Bonilacio,
1399 1509 1560 1570 germano
1586 1495 1692 1575 ipsius

52 1589 180 1664 aliquam
196 1585 401 1646 submissam
414 1587 762 1664 personam,ten1pore
776 1583 842 1646 ali·
895 1587 1021 1650 domini
1036 1589 1209 1652 Gottiiredi
1235 1591 1336 1668 legati
1364 1591 1530 1657 Sardiniae
1557 1595 1589 1657 et
1613 1597 1694 1658 Cor-

52 1701 103 1764 quo
117 1685 233 1744 venire
265 1683 410 1746 tentabo.
434 1683 474 1745 nt
494 1699 592 1762 poena
618 1684 727 1746 soluta
752 1683 840 1745 idem
896 1688 989 1760 sicae,
1016 1688 1048 1751 et
1074 1689 1265 1766 Raynuccio
1295 1689 1514 1766 Fortiguerra
1541 1693 1692 1758 Urbeve-

54 1784 195 1859 scriptum
218 1781 356 1859 plenam
377 1781 524 1845 obtineat
548 1781 748 1845 firmitatem.
770 1785 840 1846 Ve-
895 1774 985 1858 tanc,
1011 1785 1181 1848 militibus.
1204 1790 1298 1848 Anno
1324 1787 1456 1850 Domini
1474 1791 1579 1852 nostri
1609 1793 1691 1854 mil-

53 1898 112 1942 rum
125 1880 164 1940 ad
175 1883 342 1958 majorem
356 1879 544 1944 firmitatem
554 1881 660 1958 ipsius
671 1880 838 1954 Ecclesiae,
895 1875 1013 1948 lesimo
1040 1883 1265 1947 ducentesimo
1292 1885 1454 1960 vigesimo
1479 1889 1610 1964 quarto,
1638 1891 1694 1952 in·

54 1977 200 2056 corporali
214 1994 237 2040 a
252 1995 307 2039 ma
321 1979 512 2057 juramento
530 1979 691 2056 praestito,
705 1977 745 2041 de
759 1995 842 2056 prae-
895 1984 1040 2048 dictione
1070 1982 1279 2057 duodecima,
1306 1985 1327 2045 3
1352 1999 1458 2046 nonas
1485 1986 1689 2058 Decembris,

56 2077 134 2138 dicis
147 2075 307 2138 omnibus
323 2075 549 2150 observandis,
566 2093 714 2154 praesens
729 2077 839 2155 scrip-
896 2082 1105 2160 pontificatus
1121 2080 1247 2144 domini
1265 2082 1406 2143 Honorii
1426 2085 1525 2160 Papae
1540 2086 1586 2146 111
1601 2101 1689 2148 anno

58 2176 111 2236 lun
131 2175 193 2238 ieci
213 2173 340 2238 exinde
361 2173 436 2238 fieri
457 2177 524 2236 tam
547 2173 646 2237 bullae
664 2176 760 2254 regni
775 2174 841 2238 mei
896 2196 994 2245 nono.

384 2792 661 2859 ANTIQUITAT.
684 2789 824 2851 Manu
842 2787 950 2860 AEVJ,
976 2791 1010 2848 T.
1039 2790 1075 2859 V,
1099 2787 1294 2851 DISSERT.
1317 2788 1357 2850 69

92 3077 243 3138 Romanae
270 3075 428 3138 Ecclesiae
454 3074 562 3153 qualis
589 3075 776 3153 malumque
801 3074 844 3137 sit
897 3074 949 3138 tas
963 3075 1188 3136 Romanorum
1208 3071 1406 3136 Pontificum
1426 3072 1593 3150 debemus,
1609 3091 1694 3139 auc-

63 3175 247 3251 temporibus
254 3175 381 3236 nostris
388 3173 557 3251 opulentia
567 3174 664 3250 atque
672 3173 841 3252 majestas,
894 3173 1025 3245 toritas,
1038 3172 1095 3234 sed
1113 3172 1214 3234 etiam
1227 3171 1434 3234 ethnicorum
1458 3173 1607 3251 ipsorum
1621 3179 1694 3238 tes-

64 3273 165 3334 noruut
178 3288 314 3346 omnes;
331 3271 439 3349 qualis
460 3272 570 3333 autem
591 3271 723 3332 saeculis
744 3271 842 3332 rudi·
897 3271 1046 3340 tilicatio,
1072 3285 1171 3348 quam
1195 3285 1237 3332 ne
1264 3270 1336 3347 ipse
1358 3270 1490 3349 quidem
1514 3272 1695 3336 cardinalis

64 3367 121 3440 bus,
134 3371 249 3448 etpost
264 3369 522 3432 declinationem
542 3369 673 3446 imperii
689 3370 841 3440 Romani,
897 3368 1060 3431 Baronius
1068 3367 1271 3431 reticendam
1280 3369 1419 3430 censuit.
1427 3370 1697 3432 Narratnmmia·

65 3464 90 3524 id
115 3467 240 3544 quidem
272 3484 340 3530 non
368 3467 520 3529 omnibus
549 3467 755 3545 exploratum
781 3467 841 3528 est.
897 3464 1698 3544 uusMarcellinus,libliXVll,cap.3,turbasito·

65 3565 223 3640 Propterea
244 3566 283 3626 in
302 3565 466 3644 ejusmodi
487 3565 586 3643 plane
608 3564 718 3626 nobile
738 3580 843 3640 argu·
898 3565 1143 3635 mae,ann0367,
1159 3563 1321 3625 excitatas
1333 3562 1368 3624 in
1381 3563 1542 3626 electione
1555 3566 1698 3628 Romani

65 3663 189 3724 mentum
210 3661 339 3741 aliquid
359 3662 501 3736 adferre,
516 3662 721 3740 nunejuvat,
738 3661 845 3739 utqui
899 3660 1082 3730 Pontificis,
1095 3661 1211 3723 divisis
1227 3660 1340 3740 populi
1362 3661 1448 3724 votis
1470 3663 1558 3724 inter
1571 3667 1697 3726 Dama-

65 3757 134 3818 inter
146 3761 259 3824 nostra
272 3761 454 3842 etantiqua
475 3761 599 3824 saecula
618 3760 844 3838 comparatio·
899 3775 973 3821 sum
987 3759 1085 3837 atque
1093 3759 1294 3822 Ursicinum.
1313 3762 1395 3821 Tum
1407 3760 1518 3825 subdit
1531 3782 1539 3822 ε
1552 3762 1699 3842 «Neque

67 3869 125 3916 nem
150 3859 296 3936 aliquam
319 3859 494 3921 instituere
521 3858 622 3932 velit,
650 3857 783 3920 facilius
809 3858 845 3919 in
899 3873 960 3934 ego
976 3857 1102 3932 abnuo,
1126 3857 1380 3920 ostentationem
1403 3875 1516 3921 rerum
1538 3862 1698 3924 conside-

67 3954 211 4026 pusternm
226 3957 343 4034 possit.
359 3957 508 4018 Primum
530 3973 610 4034 ergo
624 3957 708 4018 illud
723 3957 843 4022 statue.
900 3971 978 4018 rans
992 3955 1205 4028 urbanarum,
1220 3956 1320 4033 nujus
1332 3957 1382 4017 rei
1393 3957 1529 4034 cupidos
1540 3958 1581 4020 ob
1593 3960 1701 4038 impe-

68 4065 148 4124 quum
160 4057 311 4116 Romana
321 4054 505 4116 Ecclesiae
529 4054 581 4116 sui
596 4054 726 4131 origine
746 4054 845 4132 prin·
900 4053 1054 4116 trandum
1077 4053 1163 4130 quod
1185 4054 1358 4130 appetunt,
1376 4055 1466 4116 omni
1488 4058 1699 4120 contentione

68 4147 155 4222 cipem
167 4151 277 4214 locum
291 4153 380 4214 inter
394 4153 534 4224 ceteras,
550 4152 618 4213 imo
632 4153 666 4216 et
678 4167 777 4230 supra
790 4167 848 4213 ce-
900 4152 1042 4214 laterum
1057 4150 1188 4228 jurgari
1208 4149 1327 4212 debere
1353 4173 1360 4210 :
1385 4167 1485 4228 quum
1509 4153 1543 4213 id
1570 4154 1696 4232 adepti,

68 4245 139 4308 teras
151 4250 306 4322 tenuerit,
319 4252 391 4328 ejus
402 4251 502 4313 etiam
516 4250 668 4328 dignitati
681 4249 846 4312 fortunam
901 4249 1004 4312 futuri
1018 4248 1145 4310 sintita
1162 4247 1283 4320 securi,
1299 4249 1335 4309 ul
1349 4248 1495 4310 ditentur
1516 4249 1697 4313 oblationi-

71 4357 102 4404 ac
118 4347 278 4410 redituum
293 4349 422 4425 copiam
444 4363 486 4410 ex
509 4347 674 4410 oblatione
700 4347 847 4409 fidelium
901 4347 963 4409 bus
990 4347 1234 4418 matronarum,
1264 4345 1508 4424 procedantque
1534 4347 1699 4411 vehiculis

69 4442 226 4513 prolectam
259 4461 390 4523 semper
420 4444 644 4524 respondisse.
675 4446 848 4523 Praecipue
902 4445 1095 4513 insidentes,
1110 4442 1348 4520 circumspecte
1362 4444 1485 4514 vestiti,
1508 4446 1624 4522 epulas
1639 4465 1700 4509 cu-

70 4537 160 4602 lamen
188 4543 307 4621 opibus
341 4544 439 4606 aucta
475 4544 544 4616 est,
574 4559 675 4620 quum
705 4543 847 4621 primum
902 4544 1014 4607 rantes
1042 4541 1205 4621 profusas,
1234 4541 1317 4603 adeo
1342 4542 1517 4604 uteorum
1545 4545 1699 4608 convivia

71 4633 118 4694 snb
137 4639 350 4703 Constantino
373 4641 494 4716 Magno
514 4639 656 4716 religent
679 4655 746 4716 pax
766 4637 848 4701 red·
902 4642 1032 4718 regales
1054 4641 1212 4716 superent
1234 4654 1377 4700 mensas.
1403 4643 1515 4702 »Haec
1538 4642 1698 4706 Etbnicus

71 4727 134 4804 dita,
154 4737 185 4798 et
207 4737 346 4800 libertas
370 4737 481 4824 palam
502 4737 580 4799 data
604 4738 664 4799 est.
678 4738 764 4798 Nam
786 4737 848 4798 etsi
903 4739 1056 4817 scriptor,
1078 4737 1133 4799 cui
1155 4737 1296 4798 alterum
1320 4737 1451 4809 adlexo,
1474 4755 1592 4817 nempe
1607 4745 1701 4804 Prae-

72 4831 287 4906 amplissimam
300 4836 394 4896 illam
405 4835 613 4898 Constantini
623 4834 846 4906 donationem,
903 4837 1064 4900 textatum
1079 4833 1249 4896 consulem
1270 4834 1490 4912 designatum,
1506 4838 1562 4915 qui
1581 4839 1699 4902 iisdem

73 4939 130 4998 qua
141 4931 214 4994 clim
224 4931 534 5005 circumferebatur,
544 4948 632 4994 nunc
644 4931 848 4994 eruditorum
903 4933 1106 5011 temporibus
1121 4935 1233 4994 Romae
1247 4933 1343 4995 vixit.
1357 4935 1437 4996 Haec
1461 4935 1502 4996 de
1523 4935 1582 4998 illo
1601 4953 1701 5001 sanc-

75 5035 151 5085 neno
165 5030 391 5107 amplectatur,
408 5031 476 5092 imo
489 5031 627 5109 quisque
649 5030 848 5092 commenti·
903 5030 1237 5108 tusHieronymus,in
1248 5031 1388 5108 epistola
1402 5049 1490 5094 nunc
1497 5036 1550 5104 38,
1558 5035 1637 5097 olim
1647 5039 1697 5110 61,

73 5117 137 5182 liam
158 5129 331 5202 agnoscat,
353 5128 460 5190 nihilo
481 5129 593 5190 tamen
615 5127 723 5190 secius
751 5127 848 5190 latori
903 5130 944 5192 ad
960 5127 1208 5191 pammachium
1223 5129 1382 5191 adversus
1395 5145 1525 5192 errores
1537 5132 1701 5195 lobannis

76 5229 168 5282 onnes
181 5226 339 5302 cogimur,
355 5225 607 5287 Constantinum
621 5240 748 5286 summa
761 5225 849 5287 libe·
903 5226 1197 5304 Hierosolymatini
1220 5248 1228 5286 x
1250 5243 1270 5287 c
1292 5231 1406 5288 Homo
1434 5231 1641 5307 sacrilegus,
1667 5233 1702 5294 et

75 5314 184 5382 ralitale
211 5325 372 5394 certasse,
398 5323 434 5384 ut
457 5322 849 5384 Romanamllcclesiam
903 5329 1072 5388 idolorum
1082 5325 1203 5394 cultor,
1213 5324 1341 5387 solebat
1354 5327 1474 5387 ludens
1485 5328 1583 5389 oculo
1592 5333 1702 5405 Papae

78 5408 189 5478 liberius
204 5421 302 5482 etiarn
317 5437 416 5498 quam
436 5421 582 5498 reliquas
598 5419 732 5482 ornaret
751 5420 849 5498 atque
903 5428 1053 5486 Damaso
1072 5425 1186 5485 dicere
1199 5438 1210 5483 :
1225 5421 1338 5484 Facite
1353 5439 1405 5482 me
1424 5424 1584 5488 Romanas
1608 5428 1700 5489 urbis

77 5503 533 5582 claren1ueamsenteunam
547 5534 608 5580 nos
623 5517 849 5595 perducitnon
903 5521 1112 5599 episcopum,
1133 5520 1166 5582 et
1188 5534 1246 5581 ero
1268 5519 1420 5596 protinus
1445 5520 1659 5584 christianus.
1682 5541 1701 5584 »

79 5604 164 5670 solum
187 5616 352 5679 anastasii
379 5615 648 5684 Bibliothecarii,
676 5615 746 5678 sive
775 5615 851 5694 qui·
905 5617 1070 5681 invidiose
1089 5615 1222 5694 quidem
1243 5615 1316 5680 brac
1338 5631 1358 5680 a
1379 5615 1546 5696 depressis
1562 5621 1701 5697 paganis
1758 5609 1760 5614 ’

79 5713 195 5782 cumque
208 5712 237 5774 is
250 5714 303 5786 sit,
318 5713 542 5792 antiquissimi
556 5713 713 5783 auctoris,
729 5713 782 5774 cui
798 5712 850 5775 vi·
904 5717 982 5780 tunc
996 5713 1094 5778 dicta.
1113 5712 1175 5776 Sed
1201 5713 1299 5776 simul
1322 5715 1375 5776 sat
1387 5715 1539 5792 produnt,
1558 5717 1613 5794 qui
1632 5719 1702 5780 tum
