<?xml version="1.0" encoding="UTF-8"?>
<!DOCTYPE html PUBLIC "-//W3C//DTD XHTML 1.0 Transitional//EN"
    "http://www.w3.org/TR/xhtml1/DTD/xhtml1-transitional.dtd">
<html xmlns="http://www.w3.org/1999/xhtml" xml:lang="en" lang="en">
 <head>
  <title>
</title>
<meta http-equiv="Content-Type" content="text/html;charset=utf-8" />
  <meta name='ocr-system' content='tesseract 3.04.00' />
  <meta name='ocr-capabilities' content='ocr_page ocr_carea ocr_par ocr_line ocrx_word'/>
</head>
<body>
  <div class='ocr_page' id='page_1' title='image "./mediiaevibiblio03unkngoog_0330.png"; bbox 0 0 3968 6296; ppageno 0'>
   <div class='ocr_carea' id='block_1_1' title="bbox 1 306 1714 645">
    <p class='ocr_par' dir='ltr' id='par_1_1' title="bbox 1 306 1714 645">
     <span class='ocr_line' id='line_1_1' title="bbox 1 306 1714 398; baseline -0.001 -29"><span class='ocrx_word' id='word_1_1' title='bbox 1 363 2 398; x_wconf 60' lang='lat' dir='ltr'><strong>r</strong></span> <span class='ocrx_word' id='word_1_2' title='bbox 73 309 134 369; x_wconf 77' lang='grc'><strong>577</strong></span> <span class='ocrx_word' id='word_1_3' title='bbox 688 307 886 370; x_wconf 79' lang='lat' dir='ltr'><strong>Gaauoall</strong></span> <span class='ocrx_word' id='word_1_4' title='bbox 908 307 966 368; x_wconf 88' lang='lat' dir='ltr'><strong>Vll</strong></span> <span class='ocrx_word' id='word_1_5' title='bbox 988 307 1097 370; x_wconf 66' lang='lat' dir='ltr'><strong>Vlia,</strong></span> <span class='ocrx_word' id='word_1_6' title='bbox 1655 306 1714 368; x_wconf 85' lang='lat'><strong>578</strong></span> 
     </span>
     <span class='ocr_line' id='line_1_2' title="bbox 1 401 1711 548; baseline 0.001 -20"><span class='ocrx_word' id='word_1_7' title='bbox 1 401 2 430; x_wconf 25' lang='lat'>¹</span> <span class='ocrx_word' id='word_1_8' title='bbox 74 465 150 530; x_wconf 86' lang='lat' dir='ltr'><strong>dero</strong></span> <span class='ocrx_word' id='word_1_9' title='bbox 161 467 380 545; x_wconf 85' lang='lat' dir='ltr'><strong>opportunius</strong></span> <span class='ocrx_word' id='word_1_10' title='bbox 391 470 512 548; x_wconf 90' lang='lat' dir='ltr'><strong>posset,</strong></span> <span class='ocrx_word' id='word_1_11' title='bbox 523 485 620 548; x_wconf 86' lang='lat' dir='ltr'><strong>quern</strong></span> <span class='ocrx_word' id='word_1_12' title='bbox 636 467 864 532; x_wconf 76' lang='lat' dir='ltr'><strong>fraudulenter</strong></span> <span class='ocrx_word' id='word_1_13' title='bbox 917 482 1017 544; x_wconf 87' lang='lat' dir='ltr'><strong>snper</strong></span> <span class='ocrx_word' id='word_1_14' title='bbox 1040 478 1076 530; x_wconf 84' lang='lat' dir='ltr'><strong>se</strong></span> <span class='ocrx_word' id='word_1_15' title='bbox 1097 466 1197 530; x_wconf 90' lang='lat' dir='ltr'><strong>nimis</strong></span> <span class='ocrx_word' id='word_1_16' title='bbox 1211 465 1390 541; x_wconf 89' lang='lat' dir='ltr'><strong>extollens,</strong></span> <span class='ocrx_word' id='word_1_17' title='bbox 1406 468 1442 529; x_wconf 94' lang='lat' dir='ltr'><strong>in</strong></span> <span class='ocrx_word' id='word_1_18' title='bbox 1463 468 1588 531; x_wconf 83' lang='lat' dir='ltr'><strong>tantam</strong></span> <span class='ocrx_word' id='word_1_19' title='bbox 1603 468 1711 530; x_wconf 89' lang='lat' dir='ltr'><strong>auda·</strong></span> 
     </span>
     <span class='ocr_line' id='line_1_3' title="bbox 74 563 1713 645; baseline 0.002 -19"><span class='ocrx_word' id='word_1_20' title='bbox 74 579 109 627; x_wconf 88' lang='lat' dir='ltr'><strong>se</strong></span> <span class='ocrx_word' id='word_1_21' title='bbox 121 563 260 644; x_wconf 88' lang='lat' dir='ltr'><strong>diligere</strong></span> <span class='ocrx_word' id='word_1_22' title='bbox 273 568 477 632; x_wconf 80' lang='lat' dir='ltr'><strong>ostendebat.</strong></span> <span class='ocrx_word' id='word_1_23' title='bbox 493 569 579 631; x_wconf 84' lang='lat' dir='ltr'><strong>Nam</strong></span> <span class='ocrx_word' id='word_1_24' title='bbox 594 567 650 629; x_wconf 89' lang='lat' dir='ltr'><strong>nbi</strong></span> <span class='ocrx_word' id='word_1_25' title='bbox 670 569 863 630; x_wconf 83' lang='lat' dir='ltr'><strong>Ravennam</strong></span> <span class='ocrx_word' id='word_1_26' title='bbox 918 567 1004 632; x_wconf 90' lang='lat' dir='ltr'><strong>ciam</strong></span> <span class='ocrx_word' id='word_1_27' title='bbox 1013 568 1250 645; x_wconf 82' lang='lat' dir='ltr'><strong>vesaniamque</strong></span> <span class='ocrx_word' id='word_1_28' title='bbox 1259 567 1421 645; x_wconf 89' lang='lat' dir='ltr'><strong>prorupit,</strong></span> <span class='ocrx_word' id='word_1_29' title='bbox 1431 567 1468 629; x_wconf 89' lang='lat' dir='ltr'><strong>ut</strong></span> <span class='ocrx_word' id='word_1_30' title='bbox 1477 567 1604 645; x_wconf 88' lang='lat' dir='ltr'><strong>patrem</strong></span> <span class='ocrx_word' id='word_1_31' title='bbox 1616 581 1713 629; x_wconf 90' lang='lat' dir='ltr'><strong>suum</strong></span> 
     </span>
    </p>
   </div>
   <div class='ocr_carea' id='block_1_2' title="bbox 74 661 1713 745">
    <p class='ocr_par' dir='ltr' id='par_1_2' title="bbox 74 661 1713 745">
     <span class='ocr_line' id='line_1_4' title="bbox 74 661 1713 745; baseline 0 -21"><span class='ocrx_word' id='word_1_32' title='bbox 74 661 212 736; x_wconf 87' lang='lat' dir='ltr'><strong>devenit,</strong></span> <span class='ocrx_word' id='word_1_33' title='bbox 231 666 413 744; x_wconf 87' lang='lat' dir='ltr'><strong>postposito</strong></span> <span class='ocrx_word' id='word_1_34' title='bbox 423 669 614 745; x_wconf 89' lang='lat' dir='ltr'><strong>juramento</strong></span> <span class='ocrx_word' id='word_1_35' title='bbox 632 666 718 744; x_wconf 90' lang='lat' dir='ltr'><strong>quod</strong></span> <span class='ocrx_word' id='word_1_36' title='bbox 733 665 768 728; x_wconf 92' lang='lat' dir='ltr'><strong>in</strong></span> <span class='ocrx_word' id='word_1_37' title='bbox 784 682 865 728; x_wconf 90' lang='lat' dir='ltr'><strong>oon·</strong></span> <span class='ocrx_word' id='word_1_38' title='bbox 918 663 1113 742; x_wconf 89' lang='lat' dir='ltr'><strong>Gregorium</strong></span> <span class='ocrx_word' id='word_1_39' title='bbox 1133 665 1269 742; x_wconf 87' lang='lat' dir='ltr'><strong>Papam,</strong></span> <span class='ocrx_word' id='word_1_40' title='bbox 1284 663 1341 742; x_wconf 86' lang='lat' dir='ltr'><strong>qui</strong></span> <span class='ocrx_word' id='word_1_41' title='bbox 1357 663 1474 725; x_wconf 83' lang='lat' dir='ltr'><strong>sedem</strong></span> <span class='ocrx_word' id='word_1_42' title='bbox 1488 662 1713 740; x_wconf 74' lang='lat' dir='ltr'><strong>apostolicam</strong></span> 
     </span>
    </p>
   </div>
   <div class='ocr_carea' id='block_1_3' title="bbox 68 762 888 4865">
    <p class='ocr_par' dir='ltr' id='par_1_3' title="bbox 68 762 888 4865">
     <span class='ocr_line' id='line_1_5' title="bbox 74 762 863 843; baseline 0.004 -20"><span class='ocrx_word' id='word_1_43' title='bbox 74 762 257 825; x_wconf 79' lang='lat' dir='ltr'><strong>secretione</strong></span> <span class='ocrx_word' id='word_1_44' title='bbox 287 779 358 830; x_wconf 54' lang='lat' dir='ltr'><strong>sua.</strong></span> <span class='ocrx_word' id='word_1_45' title='bbox 375 765 565 828; x_wconf 80' lang='lat' dir='ltr'><strong>Alexandro</strong></span> <span class='ocrx_word' id='word_1_46' title='bbox 594 767 694 843; x_wconf 86' lang='lat' dir='ltr'><strong>Papae</strong></span> <span class='ocrx_word' id='word_1_47' title='bbox 726 768 863 842; x_wconf 87' lang='lat' dir='ltr'><strong>ejusque</strong></span> 
     </span>
     <span class='ocr_line' id='line_1_6' title="bbox 74 861 863 937; baseline 0.003 -15"><span class='ocrx_word' id='word_1_48' title='bbox 74 861 319 924; x_wconf 86' lang='lat' dir='ltr'><strong>successoribus</strong></span> <span class='ocrx_word' id='word_1_49' title='bbox 334 861 468 937; x_wconf 87' lang='lat' dir='ltr'><strong>fecerat,</strong></span> <span class='ocrx_word' id='word_1_50' title='bbox 488 879 563 925; x_wconf 91' lang='lat' dir='ltr'><strong>cum</strong></span> <span class='ocrx_word' id='word_1_51' title='bbox 585 861 773 925; x_wconf 84' lang='lat' dir='ltr'><strong>Theobaldo</strong></span> <span class='ocrx_word' id='word_1_52' title='bbox 788 863 863 924; x_wconf 89' lang='lat' dir='ltr'><strong>Me-</strong></span> 
     </span>
     <span class='ocr_line' id='line_1_7' title="bbox 74 957 866 1040; baseline 0 -20"><span class='ocrx_word' id='word_1_53' title='bbox 74 957 866 1040; x_wconf 80' lang='lat' dir='ltr'><strong>diolanensi,etaliisoervioosisepiscopisbom-</strong></span> 
     </span>
     <span class='ocr_line' id='line_1_8' title="bbox 72 1054 864 1138; baseline 0.001 -21"><span class='ocrx_word' id='word_1_54' title='bbox 72 1054 194 1118; x_wconf 82' lang='lat' dir='ltr'><strong>bardiae</strong></span> <span class='ocrx_word' id='word_1_55' title='bbox 202 1059 417 1136; x_wconf 85' lang='lat' dir='ltr'><strong>conspiravit,</strong></span> <span class='ocrx_word' id='word_1_56' title='bbox 425 1059 523 1138; x_wconf 85' lang='lat' dir='ltr'><strong>atque</strong></span> <span class='ocrx_word' id='word_1_57' title='bbox 531 1059 691 1121; x_wconf 89' lang='lat' dir='ltr'><strong>adversus</strong></span> <span class='ocrx_word' id='word_1_58' title='bbox 699 1059 864 1137; x_wconf 88' lang='lat' dir='ltr'><strong>pastorem</strong></span> 
     </span>
     <span class='ocr_line' id='line_1_9' title="bbox 73 1155 865 1220; baseline 0.004 -5"><span class='ocrx_word' id='word_1_59' title='bbox 73 1169 166 1216; x_wconf 87' lang='lat' dir='ltr'><strong>suum</strong></span> <span class='ocrx_word' id='word_1_60' title='bbox 196 1156 326 1218; x_wconf 82' lang='lat' dir='ltr'><strong>occulte</strong></span> <span class='ocrx_word' id='word_1_61' title='bbox 357 1157 552 1220; x_wconf 82' lang='lat' dir='ltr'><strong>seditionem</strong></span> <span class='ocrx_word' id='word_1_62' title='bbox 583 1156 742 1220; x_wconf 86' lang='lat' dir='ltr'><strong>exercuit.</strong></span> <span class='ocrx_word' id='word_1_63' title='bbox 771 1155 865 1218; x_wconf 88' lang='lat' dir='ltr'><strong>Unde</strong></span> 
     </span>
     <span class='ocr_line' id='line_1_10' title="bbox 72 1250 865 1334; baseline 0.003 -21"><span class='ocrx_word' id='word_1_64' title='bbox 72 1250 191 1314; x_wconf 66' lang='lat' dir='ltr'><strong>baum</strong></span> <span class='ocrx_word' id='word_1_65' title='bbox 215 1255 269 1316; x_wconf 88' lang='lat' dir='ltr'><strong>est</strong></span> <span class='ocrx_word' id='word_1_66' title='bbox 291 1255 376 1333; x_wconf 87' lang='lat' dir='ltr'><strong>quod</strong></span> <span class='ocrx_word' id='word_1_67' title='bbox 397 1253 575 1333; x_wconf 81' lang='lat' dir='ltr'><strong>expeditio,</strong></span> <span class='ocrx_word' id='word_1_68' title='bbox 590 1271 688 1334; x_wconf 85' lang='lat' dir='ltr'><strong>quam</strong></span> <span class='ocrx_word' id='word_1_69' title='bbox 711 1252 865 1317; x_wconf 79' lang='lat' dir='ltr'><strong>Pontifex</strong></span> 
     </span>
     <span class='ocr_line' id='line_1_11' title="bbox 72 1350 866 1433; baseline 0.003 -22"><span class='ocrx_word' id='word_1_70' title='bbox 72 1365 127 1428; x_wconf 89' lang='lat' dir='ltr'><strong>per</strong></span> <span class='ocrx_word' id='word_1_71' title='bbox 144 1350 267 1414; x_wconf 88' lang='lat' dir='ltr'><strong>ducem</strong></span> <span class='ocrx_word' id='word_1_72' title='bbox 289 1352 492 1416; x_wconf 87' lang='lat' dir='ltr'><strong>Gotifredum</strong></span> <span class='ocrx_word' id='word_1_73' title='bbox 512 1357 648 1433; x_wconf 89' lang='lat' dir='ltr'><strong>ejusque</strong></span> <span class='ocrx_word' id='word_1_74' title='bbox 670 1368 808 1415; x_wconf 89' lang='lat' dir='ltr'><strong>uxorem</strong></span> <span class='ocrx_word' id='word_1_75' title='bbox 823 1353 866 1413; x_wconf 93' lang='lat' dir='ltr'><strong>il-</strong></span> 
     </span>
     <span class='ocr_line' id='line_1_12' title="bbox 71 1447 865 1530; baseline 0.006 -22"><span class='ocrx_word' id='word_1_76' title='bbox 71 1447 207 1512; x_wconf 79' lang='lat' dir='ltr'><strong>lustrem</strong></span> <span class='ocrx_word' id='word_1_77' title='bbox 222 1452 425 1514; x_wconf 90' lang='lat' dir='ltr'><strong>oomitissam</strong></span> <span class='ocrx_word' id='word_1_78' title='bbox 440 1453 634 1514; x_wconf 87' lang='lat' dir='ltr'><strong>Mathildam</strong></span> <span class='ocrx_word' id='word_1_79' title='bbox 659 1453 758 1530; x_wconf 87' lang='lat' dir='ltr'><strong>atque</strong></span> <span class='ocrx_word' id='word_1_80' title='bbox 781 1451 865 1513; x_wconf 89' lang='lat' dir='ltr'><strong>alios</strong></span> 
     </span>
     <span class='ocr_line' id='line_1_13' title="bbox 71 1545 864 1620; baseline 0.003 -12"><span class='ocrx_word' id='word_1_81' title='bbox 71 1545 209 1620; x_wconf 85' lang='lat' dir='ltr'><strong>nobiles,</strong></span> <span class='ocrx_word' id='word_1_82' title='bbox 227 1551 341 1612; x_wconf 90' lang='lat' dir='ltr'><strong>contra</strong></span> <span class='ocrx_word' id='word_1_83' title='bbox 356 1551 566 1613; x_wconf 88' lang='lat' dir='ltr'><strong>Normannos</strong></span> <span class='ocrx_word' id='word_1_84' title='bbox 590 1553 623 1613; x_wconf 89' lang='lat' dir='ltr'><strong>et</strong></span> <span class='ocrx_word' id='word_1_85' title='bbox 645 1551 783 1612; x_wconf 89' lang='lat' dir='ltr'><strong>caeteros</strong></span> <span class='ocrx_word' id='word_1_86' title='bbox 798 1552 864 1611; x_wconf 85' lang='lat' dir='ltr'><strong>Ec-</strong></span> 
     </span>
     <span class='ocr_line' id='line_1_14' title="bbox 71 1644 863 1721; baseline 0.006 -16"><span class='ocrx_word' id='word_1_87' title='bbox 71 1644 178 1707; x_wconf 78' lang='lat' dir='ltr'><strong>clesiae</strong></span> <span class='ocrx_word' id='word_1_88' title='bbox 202 1646 333 1721; x_wconf 88' lang='lat' dir='ltr'><strong>hostes,</strong></span> <span class='ocrx_word' id='word_1_89' title='bbox 359 1647 400 1709; x_wconf 90' lang='lat' dir='ltr'><strong>de</strong></span> <span class='ocrx_word' id='word_1_90' title='bbox 423 1649 620 1711; x_wconf 89' lang='lat' dir='ltr'><strong>Lombardia</strong></span> <span class='ocrx_word' id='word_1_91' title='bbox 647 1648 863 1720; x_wconf 81' lang='lat' dir='ltr'><strong>excitaverat,</strong></span> 
     </span>
     <span class='ocr_line' id='line_1_15' title="bbox 71 1741 865 1809; baseline 0.005 -6"><span class='ocrx_word' id='word_1_92' title='bbox 71 1741 102 1804; x_wconf 92' lang='lat' dir='ltr'><strong>in</strong></span> <span class='ocrx_word' id='word_1_93' title='bbox 115 1743 353 1807; x_wconf 85' lang='lat' dir='ltr'><strong>detrimentum</strong></span> <span class='ocrx_word' id='word_1_94' title='bbox 374 1746 531 1808; x_wconf 84' lang='lat' dir='ltr'><strong>Ecclesiae</strong></span> <span class='ocrx_word' id='word_1_95' title='bbox 546 1747 731 1809; x_wconf 90' lang='lat' dir='ltr'><strong>disturbata</strong></span> <span class='ocrx_word' id='word_1_96' title='bbox 743 1747 795 1807; x_wconf 88' lang='lat' dir='ltr'><strong>est</strong></span> <span class='ocrx_word' id='word_1_97' title='bbox 809 1748 865 1807; x_wconf 91' lang='lat' dir='ltr'><strong>at-</strong></span> 
     </span>
     <span class='ocr_line' id='line_1_16' title="bbox 71 1840 868 1921; baseline 0.003 -20"><span class='ocrx_word' id='word_1_98' title='bbox 71 1855 129 1918; x_wconf 83' lang='lat' dir='ltr'><strong>que</strong></span> <span class='ocrx_word' id='word_1_99' title='bbox 143 1840 292 1920; x_wconf 87' lang='lat' dir='ltr'><strong>dirupta.</strong></span> <span class='ocrx_word' id='word_1_100' title='bbox 317 1845 382 1904; x_wconf 92' lang='lat' dir='ltr'><strong>Per</strong></span> <span class='ocrx_word' id='word_1_101' title='bbox 402 1845 574 1920; x_wconf 89' lang='lat' dir='ltr'><strong>Hugonem</strong></span> <span class='ocrx_word' id='word_1_102' title='bbox 594 1859 724 1921; x_wconf 86' lang='lat' dir='ltr'><strong>quoque</strong></span> <span class='ocrx_word' id='word_1_103' title='bbox 744 1841 868 1904; x_wconf 85' lang='lat' dir='ltr'><strong>Gandi-</strong></span> 
     </span>
     <span class='ocr_line' id='line_1_17' title="bbox 71 1936 868 2016; baseline 0.003 -17"><span class='ocrx_word' id='word_1_104' title='bbox 71 1936 153 2012; x_wconf 91' lang='lat' dir='ltr'><strong>dum,</strong></span> <span class='ocrx_word' id='word_1_105' title='bbox 170 1954 288 2016; x_wconf 90' lang='lat' dir='ltr'><strong>regem</strong></span> <span class='ocrx_word' id='word_1_106' title='bbox 303 1941 483 2002; x_wconf 85' lang='lat' dir='ltr'><strong>lienricum</strong></span> <span class='ocrx_word' id='word_1_107' title='bbox 506 1942 540 2003; x_wconf 90' lang='lat' dir='ltr'><strong>et</strong></span> <span class='ocrx_word' id='word_1_108' title='bbox 563 1939 741 2004; x_wconf 79' lang='lat' dir='ltr'><strong>liebertum</strong></span> <span class='ocrx_word' id='word_1_109' title='bbox 767 1941 868 2002; x_wconf 91' lang='lat' dir='ltr'><strong>Guis-</strong></span> 
     </span>
     <span class='ocr_line' id='line_1_18' title="bbox 71 2035 868 2102; baseline 0.003 -4"><span class='ocrx_word' id='word_1_110' title='bbox 71 2035 205 2098; x_wconf 90' lang='lat' dir='ltr'><strong>cardum</strong></span> <span class='ocrx_word' id='word_1_111' title='bbox 230 2039 346 2101; x_wconf 84' lang='lat' dir='ltr'><strong>oontm</strong></span> <span class='ocrx_word' id='word_1_112' title='bbox 369 2038 520 2102; x_wconf 91' lang='lat' dir='ltr'><strong>eumdem</strong></span> <span class='ocrx_word' id='word_1_113' title='bbox 540 2040 734 2102; x_wconf 87' lang='lat' dir='ltr'><strong>Pontificem</strong></span> <span class='ocrx_word' id='word_1_114' title='bbox 759 2039 868 2100; x_wconf 90' lang='lat' dir='ltr'><strong>omni·</strong></span> 
     </span>
     <span class='ocr_line' id='line_1_19' title="bbox 69 2134 866 2216; baseline 0.003 -20"><span class='ocrx_word' id='word_1_115' title='bbox 69 2134 161 2198; x_wconf 92' lang='lat' dir='ltr'><strong>modo</strong></span> <span class='ocrx_word' id='word_1_116' title='bbox 177 2137 308 2198; x_wconf 84' lang='lat' dir='ltr'><strong>studuit</strong></span> <span class='ocrx_word' id='word_1_117' title='bbox 323 2137 494 2214; x_wconf 84' lang='lat' dir='ltr'><strong>instigare,</strong></span> <span class='ocrx_word' id='word_1_118' title='bbox 503 2138 589 2200; x_wconf 86' lang='lat' dir='ltr'><strong>siout</strong></span> <span class='ocrx_word' id='word_1_119' title='bbox 596 2139 649 2199; x_wconf 90' lang='lat' dir='ltr'><strong>vir</strong></span> <span class='ocrx_word' id='word_1_120' title='bbox 662 2137 866 2216; x_wconf 86' lang='lat' dir='ltr'><strong>apostaticus</strong></span> 
     </span>
     <span class='ocr_line' id='line_1_20' title="bbox 71 2233 866 2314; baseline 0.006 -19"><span class='ocrx_word' id='word_1_121' title='bbox 71 2235 154 2296; x_wconf 89' lang='lat' dir='ltr'><strong>omni</strong></span> <span class='ocrx_word' id='word_1_122' title='bbox 180 2233 261 2297; x_wconf 92' lang='lat' dir='ltr'><strong>dolo</strong></span> <span class='ocrx_word' id='word_1_123' title='bbox 281 2235 315 2298; x_wconf 88' lang='lat' dir='ltr'><strong>at</strong></span> <span class='ocrx_word' id='word_1_124' title='bbox 334 2236 461 2298; x_wconf 89' lang='lat' dir='ltr'><strong>malitia</strong></span> <span class='ocrx_word' id='word_1_125' title='bbox 484 2237 612 2314; x_wconf 90' lang='lat' dir='ltr'><strong>plenus,</strong></span> <span class='ocrx_word' id='word_1_126' title='bbox 636 2237 693 2314; x_wconf 86' lang='lat' dir='ltr'><strong>qui</strong></span> <span class='ocrx_word' id='word_1_127' title='bbox 712 2239 783 2313; x_wconf 88' lang='lat' dir='ltr'><strong>jam</strong></span> <span class='ocrx_word' id='word_1_128' title='bbox 808 2251 866 2300; x_wconf 88' lang='lat' dir='ltr'><strong>se·</strong></span> 
     </span>
     <span class='ocr_line' id='line_1_21' title="bbox 71 2332 866 2412; baseline 0.003 -18"><span class='ocrx_word' id='word_1_129' title='bbox 71 2332 172 2394; x_wconf 87' lang='lat' dir='ltr'><strong>cundo</strong></span> <span class='ocrx_word' id='word_1_130' title='bbox 203 2332 246 2394; x_wconf 91' lang='lat' dir='ltr'><strong>ad</strong></span> <span class='ocrx_word' id='word_1_131' title='bbox 277 2335 480 2411; x_wconf 88' lang='lat' dir='ltr'><strong>apostasiam</strong></span> <span class='ocrx_word' id='word_1_132' title='bbox 512 2333 622 2396; x_wconf 88' lang='lat' dir='ltr'><strong>redire</strong></span> <span class='ocrx_word' id='word_1_133' title='bbox 657 2351 866 2412; x_wconf 87' lang='lat' dir='ltr'><strong>nequaquam</strong></span> 
     </span>
     <span class='ocr_line' id='line_1_22' title="bbox 70 2431 866 2510; baseline 0.003 -19"><span class='ocrx_word' id='word_1_134' title='bbox 70 2431 212 2493; x_wconf 89' lang='lat' dir='ltr'><strong>erubuit.</strong></span> <span class='ocrx_word' id='word_1_135' title='bbox 224 2432 346 2492; x_wconf 80' lang='lat' dir='ltr'><strong>Eodem</strong></span> <span class='ocrx_word' id='word_1_136' title='bbox 361 2433 508 2510; x_wconf 88' lang='lat' dir='ltr'><strong>tempore</strong></span> <span class='ocrx_word' id='word_1_137' title='bbox 518 2433 671 2495; x_wconf 87' lang='lat' dir='ltr'><strong>dominus</strong></span> <span class='ocrx_word' id='word_1_138' title='bbox 686 2433 866 2510; x_wconf 80' lang='lat' dir='ltr'><strong>Gregorius</strong></span> 
     </span>
     <span class='ocr_line' id='line_1_23' title="bbox 71 2529 866 2608; baseline 0.004 -17"><span class='ocrx_word' id='word_1_139' title='bbox 71 2529 153 2591; x_wconf 85' lang='lat' dir='ltr'><strong>circa</strong></span> <span class='ocrx_word' id='word_1_140' title='bbox 183 2530 332 2592; x_wconf 91' lang='lat' dir='ltr'><strong>mediam</strong></span> <span class='ocrx_word' id='word_1_141' title='bbox 359 2531 653 2608; x_wconf 88' lang='lat' dir='ltr'><strong>Quadragesimam</strong></span> <span class='ocrx_word' id='word_1_142' title='bbox 688 2531 866 2594; x_wconf 90' lang='lat' dir='ltr'><strong>concilium</strong></span> 
     </span>
     <span class='ocr_line' id='line_1_24' title="bbox 71 2626 865 2707; baseline 0.005 -20"><span class='ocrx_word' id='word_1_143' title='bbox 71 2626 260 2701; x_wconf 86' lang='lat' dir='ltr'><strong>celebravit,</strong></span> <span class='ocrx_word' id='word_1_144' title='bbox 277 2629 312 2690; x_wconf 91' lang='lat' dir='ltr'><strong>in</strong></span> <span class='ocrx_word' id='word_1_145' title='bbox 336 2645 401 2706; x_wconf 86' lang='lat' dir='ltr'><strong>quo</strong></span> <span class='ocrx_word' id='word_1_146' title='bbox 423 2629 636 2707; x_wconf 87' lang='lat' dir='ltr'><strong>saepedictum</strong></span> <span class='ocrx_word' id='word_1_147' title='bbox 660 2630 865 2704; x_wconf 87' lang='lat' dir='ltr'><strong>Guibertum,</strong></span> 
     </span>
     <span class='ocr_line' id='line_1_25' title="bbox 72 2725 868 2805; baseline 0.005 -19"><span class='ocrx_word' id='word_1_148' title='bbox 72 2725 142 2802; x_wconf 83' lang='lat' dir='ltr'><strong>quia</strong></span> <span class='ocrx_word' id='word_1_149' title='bbox 161 2727 307 2789; x_wconf 89' lang='lat' dir='ltr'><strong>vocatus</strong></span> <span class='ocrx_word' id='word_1_150' title='bbox 320 2728 437 2788; x_wconf 84' lang='lat' dir='ltr'><strong>venire</strong></span> <span class='ocrx_word' id='word_1_151' title='bbox 458 2727 664 2805; x_wconf 87' lang='lat' dir='ltr'><strong>contempsit,</strong></span> <span class='ocrx_word' id='word_1_152' title='bbox 680 2728 723 2789; x_wconf 90' lang='lat' dir='ltr'><strong>ab</strong></span> <span class='ocrx_word' id='word_1_153' title='bbox 737 2728 868 2805; x_wconf 89' lang='lat' dir='ltr'><strong>episco-</strong></span> 
     </span>
     <span class='ocr_line' id='line_1_26' title="bbox 71 2823 867 2904; baseline 0.006 -21"><span class='ocrx_word' id='word_1_154' title='bbox 71 2823 132 2900; x_wconf 91' lang='lat' dir='ltr'><strong>pali</strong></span> <span class='ocrx_word' id='word_1_155' title='bbox 146 2823 263 2886; x_wconf 83' lang='lat' dir='ltr'><strong>officio</strong></span> <span class='ocrx_word' id='word_1_156' title='bbox 276 2826 435 2903; x_wconf 85' lang='lat' dir='ltr'><strong>tanquam</strong></span> <span class='ocrx_word' id='word_1_157' title='bbox 451 2828 621 2903; x_wconf 89' lang='lat' dir='ltr'><strong>perjurum</strong></span> <span class='ocrx_word' id='word_1_158' title='bbox 636 2826 818 2904; x_wconf 87' lang='lat' dir='ltr'><strong>suspendit,</strong></span> <span class='ocrx_word' id='word_1_159' title='bbox 834 2827 867 2888; x_wconf 87' lang='lat' dir='ltr'><strong>et</strong></span> 
     </span>
     <span class='ocr_line' id='line_1_27' title="bbox 72 2922 866 3004; baseline 0.003 -22"><span class='ocrx_word' id='word_1_160' title='bbox 72 2923 219 2984; x_wconf 89' lang='lat' dir='ltr'><strong>eumdem</strong></span> <span class='ocrx_word' id='word_1_161' title='bbox 230 2924 406 2998; x_wconf 86' lang='lat' dir='ltr'><strong>Hugonem</strong></span> <span class='ocrx_word' id='word_1_162' title='bbox 418 2923 599 2984; x_wconf 83' lang='lat' dir='ltr'><strong>Candidum</strong></span> <span class='ocrx_word' id='word_1_163' title='bbox 611 2922 670 3004; x_wconf 93' lang='lat'><strong>(1),</strong></span> <span class='ocrx_word' id='word_1_164' title='bbox 685 2923 866 2987; x_wconf 88' lang='lat' dir='ltr'><strong>secundum</strong></span> 
     </span>
     <span class='ocr_line' id='line_1_28' title="bbox 70 3010 866 3102; baseline 0.005 -22"><span class='ocrx_word' id='word_1_165' title='bbox 70 3021 218 3097; x_wconf 78' lang='lat' dir='ltr'><strong>Apostoli</strong></span> <span class='ocrx_word' id='word_1_166' title='bbox 228 3021 354 3082; x_wconf 86' lang='lat' dir='ltr'><strong>dictum</strong></span> <span class='ocrx_word' id='word_1_167' title='bbox 369 3019 429 3100; x_wconf 87' lang='lat' dir='ltr'><strong>(oct</strong></span> <span class='ocrx_word' id='word_1_168' title='bbox 441 3023 503 3083; x_wconf 80' lang='lat' dir='ltr'><strong>fit.</strong></span> <span class='ocrx_word' id='word_1_169' title='bbox 516 3024 572 3094; x_wconf 88' lang='grc' dir='ltr'><strong>ΙΙΙ,</strong></span> <span class='ocrx_word' id='word_1_170' title='bbox 588 3010 652 3102; x_wconf 85' lang='lat' dir='ltr'><strong>lo),</strong></span> <span class='ocrx_word' id='word_1_171' title='bbox 665 3024 866 3085; x_wconf 82' lang='lat' dir='ltr'><strong>baerctioum</strong></span> 
     </span>
     <span class='ocr_line' id='line_1_29' title="bbox 70 3119 868 3193; baseline 0.005 -15"><span class='ocrx_word' id='word_1_172' title='bbox 70 3121 242 3179; x_wconf 80' lang='lat' dir='ltr'><strong>lomtracm</strong></span> <span class='ocrx_word' id='word_1_173' title='bbox 253 3119 334 3193; x_wconf 83' lang='lat' dir='ltr'><strong>post</strong></span> <span class='ocrx_word' id='word_1_174' title='bbox 343 3122 500 3192; x_wconf 75' lang='lat' dir='ltr'><strong>pronum</strong></span> <span class='ocrx_word' id='word_1_175' title='bbox 523 3119 557 3180; x_wconf 88' lang='lat' dir='ltr'><strong>ct</strong></span> <span class='ocrx_word' id='word_1_176' title='bbox 574 3122 761 3182; x_wconf 70' lang='lat' dir='ltr'><strong>scoriadam</strong></span> <span class='ocrx_word' id='word_1_177' title='bbox 774 3135 868 3182; x_wconf 87' lang='lat' dir='ltr'><strong>com-</strong></span> 
     </span>
     <span class='ocr_line' id='line_1_30' title="bbox 70 3217 866 3294; baseline 0.009 -21"><span class='ocrx_word' id='word_1_178' title='bbox 70 3218 295 3278; x_wconf 81' lang='lat' dir='ltr'><strong>monitionem</strong></span> <span class='ocrx_word' id='word_1_179' title='bbox 320 3217 445 3289; x_wconf 74' lang='lat' dir='ltr'><strong>devito,</strong></span> <span class='ocrx_word' id='word_1_180' title='bbox 468 3218 627 3294; x_wconf 89' lang='lat' dir='ltr'><strong>perpetuo</strong></span> <span class='ocrx_word' id='word_1_181' title='bbox 654 3217 694 3280; x_wconf 91' lang='lat' dir='ltr'><strong>ab</strong></span> <span class='ocrx_word' id='word_1_182' title='bbox 718 3219 866 3280; x_wconf 84' lang='lat' dir='ltr'><strong>Ecclesia</strong></span> 
     </span>
     <span class='ocr_line' id='line_1_31' title="bbox 71 3313 864 3390; baseline 0.01 -19"><span class='ocrx_word' id='word_1_183' title='bbox 71 3314 302 3390; x_wconf 83' lang='lat' dir='ltr'><strong>sequestravit.</strong></span> <span class='ocrx_word' id='word_1_184' title='bbox 321 3313 384 3375; x_wconf 87' lang='lat' dir='ltr'><strong>Sed</strong></span> <span class='ocrx_word' id='word_1_185' title='bbox 399 3329 473 3375; x_wconf 89' lang='lat' dir='ltr'><strong>oum</strong></span> <span class='ocrx_word' id='word_1_186' title='bbox 488 3315 552 3376; x_wconf 89' lang='lat' dir='ltr'><strong>ista</strong></span> <span class='ocrx_word' id='word_1_187' title='bbox 566 3315 603 3376; x_wconf 93' lang='lat' dir='ltr'><strong>in</strong></span> <span class='ocrx_word' id='word_1_188' title='bbox 620 3316 716 3378; x_wconf 89' lang='lat' dir='ltr'><strong>ltalia</strong></span> <span class='ocrx_word' id='word_1_189' title='bbox 736 3317 864 3389; x_wconf 85' lang='lat' dir='ltr'><strong>flerent,</strong></span> 
     </span>
     <span class='ocr_line' id='line_1_32' title="bbox 70 3412 867 3488; baseline 0.005 -16"><span class='ocrx_word' id='word_1_190' title='bbox 70 3413 219 3474; x_wconf 85' lang='lat' dir='ltr'><strong>Saxones</strong></span> <span class='ocrx_word' id='word_1_191' title='bbox 246 3412 362 3474; x_wconf 89' lang='lat' dir='ltr'><strong>contra</strong></span> <span class='ocrx_word' id='word_1_192' title='bbox 387 3428 500 3488; x_wconf 88' lang='lat' dir='ltr'><strong>regem</strong></span> <span class='ocrx_word' id='word_1_193' title='bbox 527 3413 706 3475; x_wconf 89' lang='lat' dir='ltr'><strong>Henricum</strong></span> <span class='ocrx_word' id='word_1_194' title='bbox 737 3414 867 3476; x_wconf 87' lang='lat' dir='ltr'><strong>fortiter</strong></span> 
     </span>
     <span class='ocr_line' id='line_1_33' title="bbox 69 3509 865 3588; baseline 0.004 -18"><span class='ocrx_word' id='word_1_195' title='bbox 69 3509 285 3584; x_wconf 88' lang='lat' dir='ltr'><strong>rebellarunt,</strong></span> <span class='ocrx_word' id='word_1_196' title='bbox 302 3526 341 3571; x_wconf 90' lang='lat' dir='ltr'><strong>ea</strong></span> <span class='ocrx_word' id='word_1_197' title='bbox 355 3509 515 3573; x_wconf 89' lang='lat' dir='ltr'><strong>videlicet</strong></span> <span class='ocrx_word' id='word_1_198' title='bbox 524 3512 710 3584; x_wconf 88' lang='lat' dir='ltr'><strong>occasione,</strong></span> <span class='ocrx_word' id='word_1_199' title='bbox 725 3513 803 3588; x_wconf 85' lang='lat' dir='ltr'><strong>qnia</strong></span> <span class='ocrx_word' id='word_1_200' title='bbox 817 3513 865 3573; x_wconf 91' lang='lat' dir='ltr'><strong>eis</strong></span> 
     </span>
     <span class='ocr_line' id='line_1_34' title="bbox 69 3607 866 3687; baseline 0.005 -19"><span class='ocrx_word' id='word_1_201' title='bbox 69 3623 146 3668; x_wconf 91' lang='lat' dir='ltr'><strong>onus</strong></span> <span class='ocrx_word' id='word_1_202' title='bbox 160 3607 378 3686; x_wconf 85' lang='lat' dir='ltr'><strong>importabile</strong></span> <span class='ocrx_word' id='word_1_203' title='bbox 392 3608 563 3685; x_wconf 85' lang='lat' dir='ltr'><strong>satagebat</strong></span> <span class='ocrx_word' id='word_1_204' title='bbox 577 3609 747 3687; x_wconf 89' lang='lat' dir='ltr'><strong>imponere</strong></span> <span class='ocrx_word' id='word_1_205' title='bbox 760 3633 767 3671; x_wconf 91' lang='lat'>:</span> <span class='ocrx_word' id='word_1_206' title='bbox 780 3611 866 3672; x_wconf 90' lang='lat' dir='ltr'><strong>unde</strong></span> 
     </span>
     <span class='ocr_line' id='line_1_35' title="bbox 70 3707 866 3784; baseline 0.005 -18"><span class='ocrx_word' id='word_1_207' title='bbox 70 3707 188 3768; x_wconf 89' lang='lat' dir='ltr'><strong>accidit</strong></span> <span class='ocrx_word' id='word_1_208' title='bbox 202 3707 291 3784; x_wconf 85' lang='lat' dir='ltr'><strong>quod</strong></span> <span class='ocrx_word' id='word_1_209' title='bbox 306 3722 382 3780; x_wconf 85' lang='lat' dir='ltr'><strong>rex,</strong></span> <span class='ocrx_word' id='word_1_210' title='bbox 398 3708 434 3768; x_wconf 93' lang='lat' dir='ltr'><strong>in</strong></span> <span class='ocrx_word' id='word_1_211' title='bbox 453 3723 553 3768; x_wconf 91' lang='lat' dir='ltr'><strong>manu</strong></span> <span class='ocrx_word' id='word_1_212' title='bbox 576 3708 687 3769; x_wconf 88' lang='lat' dir='ltr'><strong>valida</strong></span> <span class='ocrx_word' id='word_1_213' title='bbox 702 3709 735 3770; x_wconf 90' lang='lat' dir='ltr'><strong>et</strong></span> <span class='ocrx_word' id='word_1_214' title='bbox 749 3708 866 3771; x_wconf 89' lang='lat' dir='ltr'><strong>multi-</strong></span> 
     </span>
     <span class='ocr_line' id='line_1_36' title="bbox 68 3805 868 3884; baseline 0.006 -20"><span class='ocrx_word' id='word_1_215' title='bbox 68 3805 179 3866; x_wconf 85' lang='lat' dir='ltr'><strong>tudine</strong></span> <span class='ocrx_word' id='word_1_216' title='bbox 202 3805 317 3882; x_wconf 87' lang='lat' dir='ltr'><strong>gravi,</strong></span> <span class='ocrx_word' id='word_1_217' title='bbox 333 3805 512 3866; x_wconf 81' lang='lat' dir='ltr'><strong>saxoniam</strong></span> <span class='ocrx_word' id='word_1_218' title='bbox 536 3821 579 3866; x_wconf 87' lang='lat' dir='ltr'><strong>ex</strong></span> <span class='ocrx_word' id='word_1_219' title='bbox 606 3805 787 3884; x_wconf 92' lang='lat' dir='ltr'><strong>improviso</strong></span> <span class='ocrx_word' id='word_1_220' title='bbox 812 3809 868 3869; x_wconf 92' lang='lat' dir='ltr'><strong>in-</strong></span> 
     </span>
     <span class='ocr_line' id='line_1_37' title="bbox 69 3902 888 3982; baseline 0.004 -18"><span class='ocrx_word' id='word_1_221' title='bbox 69 3904 184 3965; x_wconf 88' lang='lat' dir='ltr'><strong>travit:</strong></span> <span class='ocrx_word' id='word_1_222' title='bbox 200 3902 262 3964; x_wconf 89' lang='lat' dir='ltr'><strong>sed</strong></span> <span class='ocrx_word' id='word_1_223' title='bbox 277 3903 433 3979; x_wconf 87' lang='lat' dir='ltr'><strong>quoniam</strong></span> <span class='ocrx_word' id='word_1_224' title='bbox 448 3919 505 3964; x_wconf 91' lang='lat' dir='ltr'><strong>eos</strong></span> <span class='ocrx_word' id='word_1_225' title='bbox 526 3904 706 3982; x_wconf 89' lang='lat' dir='ltr'><strong>imparatos</strong></span> <span class='ocrx_word' id='word_1_226' title='bbox 730 3906 863 3980; x_wconf 90' lang='lat' dir='ltr'><strong>invasit,</strong></span> <span class='ocrx_word' id='word_1_227' title='bbox 878 3937 888 3950; x_wconf 43' lang='grc' dir='ltr'>ν</span> 
     </span>
     <span class='ocr_line' id='line_1_38' title="bbox 69 4001 881 4078; baseline 0.006 -18"><span class='ocrx_word' id='word_1_228' title='bbox 69 4001 244 4063; x_wconf 89' lang='lat' dir='ltr'><strong>victoriam</strong></span> <span class='ocrx_word' id='word_1_229' title='bbox 265 4001 418 4078; x_wconf 91' lang='lat' dir='ltr'><strong>quamvls</strong></span> <span class='ocrx_word' id='word_1_230' title='bbox 450 4001 715 4064; x_wconf 88' lang='lat' dir='ltr'><strong>cruentissimam</strong></span> <span class='ocrx_word' id='word_1_231' title='bbox 738 4003 881 4066; x_wconf 80' lang='lat' dir='ltr'><strong>babuit.¹</strong></span> 
     </span>
     <span class='ocr_line' id='line_1_39' title="bbox 70 4099 866 4180; baseline 0.005 -20"><span class='ocrx_word' id='word_1_232' title='bbox 70 4101 206 4177; x_wconf 86' lang='lat' dir='ltr'><strong>Quippe,</strong></span> <span class='ocrx_word' id='word_1_233' title='bbox 217 4100 306 4161; x_wconf 88' lang='lat' dir='ltr'><strong>siout</strong></span> <span class='ocrx_word' id='word_1_234' title='bbox 318 4115 337 4159; x_wconf 92' lang='lat' dir='ltr'><strong>a</strong></span> <span class='ocrx_word' id='word_1_235' title='bbox 348 4099 565 4176; x_wconf 87' lang='lat' dir='ltr'><strong>prudentibus</strong></span> <span class='ocrx_word' id='word_1_236' title='bbox 580 4100 760 4175; x_wconf 84' lang='lat' dir='ltr'><strong>dicebatur,</strong></span> <span class='ocrx_word' id='word_1_237' title='bbox 773 4104 866 4180; x_wconf 88' lang='lat' dir='ltr'><strong>quin·</strong></span> 
     </span>
     <span class='ocr_line' id='line_1_40' title="bbox 70 4197 865 4276; baseline 0.006 -19"><span class='ocrx_word' id='word_1_238' title='bbox 70 4213 128 4273; x_wconf 88' lang='lat' dir='ltr'><strong>que</strong></span> <span class='ocrx_word' id='word_1_239' title='bbox 145 4197 257 4260; x_wconf 90' lang='lat' dir='ltr'><strong>millia</strong></span> <span class='ocrx_word' id='word_1_240' title='bbox 271 4197 420 4258; x_wconf 88' lang='lat' dir='ltr'><strong>virorum</strong></span> <span class='ocrx_word' id='word_1_241' title='bbox 434 4213 478 4259; x_wconf 86' lang='lat' dir='ltr'><strong>ex</strong></span> <span class='ocrx_word' id='word_1_242' title='bbox 492 4202 586 4275; x_wconf 90' lang='lat' dir='ltr'><strong>parte</strong></span> <span class='ocrx_word' id='word_1_243' title='bbox 599 4200 688 4276; x_wconf 90' lang='lat' dir='ltr'><strong>regis</strong></span> <span class='ocrx_word' id='word_1_244' title='bbox 700 4201 735 4262; x_wconf 92' lang='lat' dir='ltr'><strong>in</strong></span> <span class='ocrx_word' id='word_1_245' title='bbox 750 4202 865 4262; x_wconf 92' lang='lat' dir='ltr'><strong>eodem</strong></span> 
     </span>
     <span class='ocr_line' id='line_1_41' title="bbox 69 4289 865 4374; baseline 0.006 -19"><span class='ocrx_word' id='word_1_246' title='bbox 69 4295 150 4358; x_wconf 90' lang='lat' dir='ltr'><strong>bello</strong></span> <span class='ocrx_word' id='word_1_247' title='bbox 165 4289 363 4358; x_wconf 86' lang='lat' dir='ltr'><strong>ceciderunt</strong></span> <span class='ocrx_word' id='word_1_248' title='bbox 379 4317 386 4354; x_wconf 93' lang='lat'><strong>:</strong></span> <span class='ocrx_word' id='word_1_249' title='bbox 401 4297 627 4358; x_wconf 78' lang='lat' dir='ltr'><strong>verumtamen</strong></span> <span class='ocrx_word' id='word_1_250' title='bbox 643 4298 720 4374; x_wconf 89' lang='lat' dir='ltr'><strong>quia</strong></span> <span class='ocrx_word' id='word_1_251' title='bbox 733 4298 865 4360; x_wconf 89' lang='lat' dir='ltr'><strong>eosdem</strong></span> 
     </span>
     <span class='ocr_line' id='line_1_42' title="bbox 70 4391 867 4471; baseline 0.006 -18"><span class='ocrx_word' id='word_1_252' title='bbox 70 4395 219 4455; x_wconf 83' lang='lat' dir='ltr'><strong>Saxones</strong></span> <span class='ocrx_word' id='word_1_253' title='bbox 236 4391 300 4453; x_wconf 91' lang='lat' dir='ltr'><strong>sibi</strong></span> <span class='ocrx_word' id='word_1_254' title='bbox 322 4407 388 4453; x_wconf 92' lang='lat' dir='ltr'><strong>non</strong></span> <span class='ocrx_word' id='word_1_255' title='bbox 403 4393 509 4470; x_wconf 89' lang='lat' dir='ltr'><strong>potuit</strong></span> <span class='ocrx_word' id='word_1_256' title='bbox 520 4393 709 4471; x_wconf 88' lang='lat' dir='ltr'><strong>subjugare,</strong></span> <span class='ocrx_word' id='word_1_257' title='bbox 723 4411 782 4456; x_wconf 84' lang='lat' dir='ltr'><strong>rex</strong></span> <span class='ocrx_word' id='word_1_258' title='bbox 796 4397 867 4458; x_wconf 89' lang='lat' dir='ltr'><strong>tan-</strong></span> 
     </span>
     <span class='ocr_line' id='line_1_43' title="bbox 68 4490 863 4572; baseline 0.009 -21"><span class='ocrx_word' id='word_1_259' title='bbox 68 4507 163 4567; x_wconf 85' lang='lat' dir='ltr'><strong>quam</strong></span> <span class='ocrx_word' id='word_1_260' title='bbox 174 4490 379 4552; x_wconf 90' lang='lat' dir='ltr'><strong>victoriosus</strong></span> <span class='ocrx_word' id='word_1_261' title='bbox 394 4491 429 4552; x_wconf 93' lang='lat' dir='ltr'><strong>in</strong></span> <span class='ocrx_word' id='word_1_262' title='bbox 445 4492 619 4554; x_wconf 84' lang='lat' dir='ltr'><strong>Franciam</strong></span> <span class='ocrx_word' id='word_1_263' title='bbox 631 4490 681 4572; x_wconf 86' lang='lat' dir='ltr'><strong>(c)</strong></span> <span class='ocrx_word' id='word_1_264' title='bbox 694 4495 863 4557; x_wconf 91' lang='lat' dir='ltr'><strong>remeavit.</strong></span> 
     </span>
     <span class='ocr_line' id='line_1_44' title="bbox 70 4589 866 4666; baseline 0.009 -18"><span class='ocrx_word' id='word_1_265' title='bbox 70 4590 186 4651; x_wconf 89' lang='lat' dir='ltr'><strong>Statim</strong></span> <span class='ocrx_word' id='word_1_266' title='bbox 214 4589 378 4650; x_wconf 89' lang='lat' dir='ltr'><strong>immensa</strong></span> <span class='ocrx_word' id='word_1_267' title='bbox 402 4589 631 4666; x_wconf 86' lang='lat' dir='ltr'><strong>episcoporum</strong></span> <span class='ocrx_word' id='word_1_268' title='bbox 655 4590 866 4655; x_wconf 89' lang='lat' dir='ltr'><strong>multitudine</strong></span> 
     </span>
     <span class='ocr_line' id='line_1_45' title="bbox 69 4686 866 4768; baseline 0.008 -22"><span class='ocrx_word' id='word_1_269' title='bbox 69 4688 263 4759; x_wconf 89' lang='lat' dir='ltr'><strong>convocata,</strong></span> <span class='ocrx_word' id='word_1_270' title='bbox 280 4702 346 4748; x_wconf 92' lang='lat' dir='ltr'><strong>non</strong></span> <span class='ocrx_word' id='word_1_271' title='bbox 363 4686 431 4763; x_wconf 85' lang='lat' dir='ltr'><strong>egit</strong></span> <span class='ocrx_word' id='word_1_272' title='bbox 445 4687 570 4764; x_wconf 82' lang='lat' dir='ltr'><strong>gratias</strong></span> <span class='ocrx_word' id='word_1_273' title='bbox 590 4691 657 4751; x_wconf 89' lang='lat' dir='ltr'><strong>Deo</strong></span> <span class='ocrx_word' id='word_1_274' title='bbox 672 4704 732 4767; x_wconf 90' lang='lat' dir='ltr'><strong>pro</strong></span> <span class='ocrx_word' id='word_1_275' title='bbox 747 4690 866 4768; x_wconf 88' lang='lat' dir='ltr'><strong>adepta</strong></span> 
     </span>
     <span class='ocr_line' id='line_1_46' title="bbox 70 4785 866 4865; baseline 0.01 -21"><span class='ocrx_word' id='word_1_276' title='bbox 70 4785 221 4855; x_wconf 87' lang='lat' dir='ltr'><strong>victoria,</strong></span> <span class='ocrx_word' id='word_1_277' title='bbox 246 4786 305 4848; x_wconf 90' lang='lat' dir='ltr'><strong>sed</strong></span> <span class='ocrx_word' id='word_1_278' title='bbox 329 4786 493 4848; x_wconf 90' lang='lat' dir='ltr'><strong>elevatum</strong></span> <span class='ocrx_word' id='word_1_279' title='bbox 517 4788 568 4848; x_wconf 88' lang='lat' dir='ltr'><strong>est</strong></span> <span class='ocrx_word' id='word_1_280' title='bbox 590 4802 648 4848; x_wconf 90' lang='lat' dir='ltr'><strong>cor</strong></span> <span class='ocrx_word' id='word_1_281' title='bbox 673 4791 757 4865; x_wconf 90' lang='lat' dir='ltr'><strong>ejus,</strong></span> <span class='ocrx_word' id='word_1_282' title='bbox 781 4791 866 4852; x_wconf 90' lang='lat' dir='ltr'><strong>etse</strong></span> 
     </span>
    </p>
   </div>
   <div class='ocr_carea' id='block_1_4' title="bbox 71 4959 871 5746">
    <p class='ocr_par' dir='ltr' id='par_1_4' title="bbox 71 4959 869 5320">
     <span class='ocr_line' id='line_1_47' title="bbox 104 4959 865 5038; baseline 0.008 -22"><span class='ocrx_word' id='word_1_283' title='bbox 104 4959 145 5033; x_wconf 88' lang='lat' dir='ltr'><strong>(l)</strong></span> <span class='ocrx_word' id='word_1_284' title='bbox 162 4963 204 5019; x_wconf 87' lang='lat' dir='ltr'><strong>Lc</strong></span> <span class='ocrx_word' id='word_1_285' title='bbox 216 4961 295 5018; x_wconf 88' lang='lat' dir='ltr'><strong>card.</strong></span> <span class='ocrx_word' id='word_1_286' title='bbox 317 4963 435 5034; x_wconf 81' lang='lat' dir='ltr'><strong>linguas</strong></span> <span class='ocrx_word' id='word_1_287' title='bbox 449 4963 476 5018; x_wconf 92' lang='lat' dir='ltr'><strong>le</strong></span> <span class='ocrx_word' id='word_1_288' title='bbox 494 4963 592 5030; x_wconf 80' lang='lat' dir='ltr'><strong>blanc,</strong></span> <span class='ocrx_word' id='word_1_289' title='bbox 606 4961 680 5034; x_wconf 86' lang='lat' dir='ltr'><strong>judis</strong></span> <span class='ocrx_word' id='word_1_290' title='bbox 696 4964 787 5038; x_wconf 83' lang='lat' dir='ltr'><strong>grand</strong></span> <span class='ocrx_word' id='word_1_291' title='bbox 801 4980 865 5038; x_wconf 88' lang='lat' dir='ltr'><strong>par·</strong></span> 
     </span>
     <span class='ocr_line' id='line_1_48' title="bbox 72 5031 869 5108; baseline 0.01 -22"><span class='ocrx_word' id='word_1_292' title='bbox 72 5032 142 5088; x_wconf 87' lang='lat' dir='ltr'><strong>lisan</strong></span> <span class='ocrx_word' id='word_1_293' title='bbox 165 5033 202 5089; x_wconf 92' lang='lat' dir='ltr'><strong>de</strong></span> <span class='ocrx_word' id='word_1_294' title='bbox 220 5031 495 5108; x_wconf 76' lang='lat' dir='ltr'><strong>Gregoire,comrne</strong></span> <span class='ocrx_word' id='word_1_295' title='bbox 513 5047 549 5090; x_wconf 93' lang='lat' dir='ltr'><strong>on</strong></span> <span class='ocrx_word' id='word_1_296' title='bbox 565 5034 600 5090; x_wconf 89' lang='lat' dir='ltr'><strong>l&#39;a</strong></span> <span class='ocrx_word' id='word_1_297' title='bbox 618 5049 655 5090; x_wconf 89' lang='lat' dir='ltr'><strong>vu</strong></span> <span class='ocrx_word' id='word_1_298' title='bbox 670 5033 741 5091; x_wconf 87' lang='lat' dir='ltr'><strong>dans</strong></span> <span class='ocrx_word' id='word_1_299' title='bbox 758 5036 782 5092; x_wconf 90' lang='lat' dir='ltr'><strong>le</strong></span> <span class='ocrx_word' id='word_1_300' title='bbox 798 5035 869 5095; x_wconf 85' lang='lat' dir='ltr'><strong>ro&#39;oit</strong></span> 
     </span>
     <span class='ocr_line' id='line_1_49' title="bbox 71 5101 868 5178; baseline 0.011 -22"><span class='ocrx_word' id='word_1_301' title='bbox 71 5101 105 5158; x_wconf 90' lang='lat' dir='ltr'><strong>de</strong></span> <span class='ocrx_word' id='word_1_302' title='bbox 123 5117 177 5160; x_wconf 87' lang='lat' dir='ltr'><strong>son</strong></span> <span class='ocrx_word' id='word_1_303' title='bbox 200 5103 334 5170; x_wconf 74' lang='lat' dir='ltr'><strong>electiori,</strong></span> <span class='ocrx_word' id='word_1_304' title='bbox 351 5105 459 5160; x_wconf 81' lang='lat' dir='ltr'><strong>nrettait</strong></span> <span class='ocrx_word' id='word_1_305' title='bbox 480 5112 540 5162; x_wconf 85' lang='lat' dir='ltr'><strong>tout</strong></span> <span class='ocrx_word' id='word_1_306' title='bbox 562 5119 598 5162; x_wconf 89' lang='lat' dir='ltr'><strong>cn</strong></span> <span class='ocrx_word' id='word_1_307' title='bbox 616 5120 714 5162; x_wconf 88' lang='lat' dir='ltr'><strong>oenvrc</strong></span> <span class='ocrx_word' id='word_1_308' title='bbox 730 5121 799 5178; x_wconf 86' lang='lat' dir='ltr'><strong>poor</strong></span> <span class='ocrx_word' id='word_1_309' title='bbox 812 5107 868 5164; x_wconf 85' lang='lat' dir='ltr'><strong>for·</strong></span> 
     </span>
     <span class='ocr_line' id='line_1_50' title="bbox 71 5173 868 5250; baseline 0.008 -20"><span class='ocrx_word' id='word_1_310' title='bbox 71 5187 130 5230; x_wconf 89' lang='lat' dir='ltr'><strong>rner</strong></span> <span class='ocrx_word' id='word_1_311' title='bbox 143 5181 245 5232; x_wconf 87' lang='lat' dir='ltr'><strong>contro</strong></span> <span class='ocrx_word' id='word_1_312' title='bbox 261 5189 295 5232; x_wconf 88' lang='lat' dir='ltr'><strong>oe</strong></span> <span class='ocrx_word' id='word_1_313' title='bbox 306 5176 401 5232; x_wconf 79' lang='lat' dir='ltr'><strong>manre</strong></span> <span class='ocrx_word' id='word_1_314' title='bbox 415 5173 551 5250; x_wconf 76' lang='lat' dir='ltr'><strong>Grdgcire</strong></span> <span class='ocrx_word' id='word_1_315' title='bbox 566 5191 622 5233; x_wconf 91' lang='lat' dir='ltr'><strong>une</strong></span> <span class='ocrx_word' id='word_1_316' title='bbox 638 5177 757 5234; x_wconf 86' lang='lat' dir='ltr'><strong>allianoc</strong></span> <span class='ocrx_word' id='word_1_317' title='bbox 769 5177 868 5236; x_wconf 83' lang='lat' dir='ltr'><strong>o&#39;troitc</strong></span> 
     </span>
     <span class='ocr_line' id='line_1_51' title="bbox 72 5243 707 5320; baseline 0.008 -21"><span class='ocrx_word' id='word_1_318' title='bbox 72 5252 150 5302; x_wconf 86' lang='lat' dir='ltr'><strong>entre</strong></span> <span class='ocrx_word' id='word_1_319' title='bbox 165 5246 193 5302; x_wconf 89' lang='lat' dir='ltr'><strong>le</strong></span> <span class='ocrx_word' id='word_1_320' title='bbox 207 5246 350 5302; x_wconf 90' lang='lat' dir='ltr'><strong>normand</strong></span> <span class='ocrx_word' id='word_1_321' title='bbox 366 5243 469 5303; x_wconf 86' lang='lat' dir='ltr'><strong>llobcrt</strong></span> <span class='ocrx_word' id='word_1_322' title='bbox 483 5253 513 5303; x_wconf 84' lang='lat' dir='ltr'><strong>ct</strong></span> <span class='ocrx_word' id='word_1_323' title='bbox 529 5245 707 5320; x_wconf 88' lang='lat' dir='ltr'><strong>l&#39;empereur.</strong></span> 
     </span>
    </p>

    <p class='ocr_par' dir='ltr' id='par_1_5' title="bbox 73 5314 869 5529">
     <span class='ocr_line' id='line_1_52' title="bbox 106 5314 868 5400; baseline 0.008 -29"><span class='ocrx_word' id='word_1_324' title='bbox 106 5315 148 5400; x_wconf 70' lang='grc' dir='ltr'><strong>(τι)</strong></span> <span class='ocrx_word' id='word_1_325' title='bbox 164 5317 291 5373; x_wconf 74' lang='lat' dir='ltr'><strong>Francia</strong></span> <span class='ocrx_word' id='word_1_326' title='bbox 306 5316 351 5373; x_wconf 91' lang='lat' dir='ltr'><strong>bic</strong></span> <span class='ocrx_word' id='word_1_327' title='bbox 366 5314 868 5392; x_wconf 83' lang='lat' dir='ltr'><strong>identidcmdlciturproFrcnconio,</strong></span> 
     </span>
     <span class='ocr_line' id='line_1_53' title="bbox 73 5385 869 5458; baseline 0.009 -16"><span class='ocrx_word' id='word_1_328' title='bbox 73 5385 156 5444; x_wconf 82' lang='lat' dir='ltr'><strong>labus</strong></span> <span class='ocrx_word' id='word_1_329' title='bbox 168 5401 276 5444; x_wconf 91' lang='lat' dir='ltr'><strong>nomen</strong></span> <span class='ocrx_word' id='word_1_330' title='bbox 291 5386 346 5444; x_wconf 86' lang='lat' dir='ltr'><strong>froc</strong></span> <span class='ocrx_word' id='word_1_331' title='bbox 360 5388 510 5458; x_wconf 86' lang='lat' dir='ltr'><strong>sumendo,</strong></span> <span class='ocrx_word' id='word_1_332' title='bbox 532 5388 605 5446; x_wconf 83' lang='lat' dir='ltr'><strong>sicut</strong></span> <span class='ocrx_word' id='word_1_333' title='bbox 628 5389 715 5447; x_wconf 82' lang='lat' dir='ltr'><strong>etiam</strong></span> <span class='ocrx_word' id='word_1_334' title='bbox 736 5391 869 5449; x_wconf 88' lang='lat' dir='ltr'><strong>viciniam</strong></span> 
     </span>
     <span class='ocr_line' id='line_1_54' title="bbox 73 5457 287 5529; baseline 0.005 -16"><span class='ocrx_word' id='word_1_335' title='bbox 73 5457 287 5529; x_wconf 87' lang='lat' dir='ltr'><strong>complectatur.</strong></span> 
     </span>
    </p>

    <p class='ocr_par' dir='ltr' id='par_1_6' title="bbox 108 5528 726 5602">
     <span class='ocr_line' id='line_1_55' title="bbox 108 5528 726 5602; baseline 0.006 -18"><span class='ocrx_word' id='word_1_336' title='bbox 108 5531 147 5600; x_wconf 79' lang='grc' dir='ltr'><strong>(ὺ)</strong></span> <span class='ocrx_word' id='word_1_337' title='bbox 161 5528 297 5586; x_wconf 84' lang='lat' dir='ltr'><strong>Nicotaus</strong></span> <span class='ocrx_word' id='word_1_338' title='bbox 306 5529 401 5586; x_wconf 88' lang='lat' dir='ltr'><strong>minus</strong></span> <span class='ocrx_word' id='word_1_339' title='bbox 414 5531 726 5602; x_wconf 63' lang='lat' dir='ltr'><strong>receptorio-toribus.</strong></span> 
     </span>
    </p>

    <p class='ocr_par' dir='ltr' id='par_1_7' title="bbox 75 5599 871 5746">
     <span class='ocr_line' id='line_1_56' title="bbox 109 5599 871 5672; baseline 0.008 -16"><span class='ocrx_word' id='word_1_340' title='bbox 109 5601 151 5670; x_wconf 76' lang='grc' dir='ltr'><strong>(Ι)</strong></span> <span class='ocrx_word' id='word_1_341' title='bbox 165 5601 285 5672; x_wconf 90' lang='lat' dir='ltr'><strong>llugues</strong></span> <span class='ocrx_word' id='word_1_342' title='bbox 299 5599 325 5657; x_wconf 88' lang='lat' dir='ltr'><strong>le</strong></span> <span class='ocrx_word' id='word_1_343' title='bbox 340 5601 438 5670; x_wconf 84' lang='lat' dir='ltr'><strong>alano,</strong></span> <span class='ocrx_word' id='word_1_344' title='bbox 454 5602 527 5659; x_wconf 90' lang='lat' dir='ltr'><strong>dans</strong></span> <span class='ocrx_word' id='word_1_345' title='bbox 542 5602 567 5658; x_wconf 88' lang='lat' dir='ltr'><strong>le</strong></span> <span class='ocrx_word' id='word_1_346' title='bbox 582 5603 691 5659; x_wconf 90' lang='lat' dir='ltr'><strong>concile</strong></span> <span class='ocrx_word' id='word_1_347' title='bbox 706 5603 741 5661; x_wconf 90' lang='lat' dir='ltr'><strong>de</strong></span> <span class='ocrx_word' id='word_1_348' title='bbox 754 5605 871 5662; x_wconf 87' lang='lat' dir='ltr'><strong>Worms</strong></span> 
     </span>
     <span class='ocr_line' id='line_1_57' title="bbox 75 5667 870 5746; baseline 0.01 -20"><span class='ocrx_word' id='word_1_349' title='bbox 75 5673 120 5740; x_wconf 86' lang='lat' dir='ltr'><strong>qni</strong></span> <span class='ocrx_word' id='word_1_350' title='bbox 134 5685 280 5743; x_wconf 79' lang='lat' dir='ltr'><strong>pronoupa</strong></span> <span class='ocrx_word' id='word_1_351' title='bbox 296 5671 322 5728; x_wconf 89' lang='lat' dir='ltr'><strong>la</strong></span> <span class='ocrx_word' id='word_1_352' title='bbox 335 5667 494 5746; x_wconf 71' lang='lat' dir='ltr'><strong>deposition</strong></span> <span class='ocrx_word' id='word_1_353' title='bbox 511 5672 546 5730; x_wconf 88' lang='lat' dir='ltr'><strong>de</strong></span> <span class='ocrx_word' id='word_1_354' title='bbox 562 5672 709 5746; x_wconf 72' lang='lat' dir='ltr'><strong>(trigone,</strong></span> <span class='ocrx_word' id='word_1_355' title='bbox 729 5689 761 5732; x_wconf 90' lang='lat' dir='ltr'><strong>so</strong></span> <span class='ocrx_word' id='word_1_356' title='bbox 779 5675 808 5733; x_wconf 82' lang='lat' dir='ltr'><strong>fvt</strong></span> <span class='ocrx_word' id='word_1_357' title='bbox 819 5692 870 5734; x_wconf 90' lang='lat' dir='ltr'><strong>son</strong></span> 
     </span>
    </p>
   </div>
   <div class='ocr_carea' id='block_1_5' title="bbox 219 5826 469 5884">
    <p class='ocr_par' dir='ltr' id='par_1_8' title="bbox 219 5826 469 5884">
     <span class='ocr_line' id='line_1_58' title="bbox 219 5826 469 5884; baseline -0.004 -3"><span class='ocrx_word' id='word_1_358' title='bbox 219 5835 334 5882; x_wconf 82' lang='lat' dir='ltr'><strong>almon.</strong></span> <span class='ocrx_word' id='word_1_359' title='bbox 354 5840 429 5884; x_wconf 79' lang='lat' dir='ltr'><strong>ron</strong></span> <span class='ocrx_word' id='word_1_360' title='bbox 447 5826 469 5882; x_wconf 95' lang='lat' dir='ltr'><strong>l.</strong></span> 
     </span>
    </p>
   </div>
   <div class='ocr_carea' id='block_1_6' title="bbox 918 761 1785 4859">
    <p class='ocr_par' dir='ltr' id='par_1_9' title="bbox 918 761 1716 1626">
     <span class='ocr_line' id='line_1_59' title="bbox 918 761 1712 841; baseline -0.003 -17"><span class='ocrx_word' id='word_1_361' title='bbox 918 762 1171 841; x_wconf 89' lang='lat' dir='ltr'><strong>pertriennium</strong></span> <span class='ocrx_word' id='word_1_362' title='bbox 1194 763 1230 822; x_wconf 94' lang='lat' dir='ltr'><strong>in</strong></span> <span class='ocrx_word' id='word_1_363' title='bbox 1253 777 1335 839; x_wconf 89' lang='lat' dir='ltr'><strong>pace</strong></span> <span class='ocrx_word' id='word_1_364' title='bbox 1356 761 1517 833; x_wconf 90' lang='lat' dir='ltr'><strong>tenuerat,</strong></span> <span class='ocrx_word' id='word_1_365' title='bbox 1534 761 1712 839; x_wconf 89' lang='lat' dir='ltr'><strong>impiorum</strong></span> 
     </span>
     <span class='ocr_line' id='line_1_60' title="bbox 918 860 1712 939; baseline 0 -17"><span class='ocrx_word' id='word_1_366' title='bbox 918 861 1059 923; x_wconf 93' lang='lat' dir='ltr'><strong>consilio</strong></span> <span class='ocrx_word' id='word_1_367' title='bbox 1076 860 1231 922; x_wconf 86' lang='lat' dir='ltr'><strong>abdicare</strong></span> <span class='ocrx_word' id='word_1_368' title='bbox 1249 860 1469 939; x_wconf 82' lang='lat' dir='ltr'><strong>proesumpsit,</strong></span> <span class='ocrx_word' id='word_1_369' title='bbox 1487 861 1520 922; x_wconf 90' lang='lat' dir='ltr'><strong>et</strong></span> <span class='ocrx_word' id='word_1_370' title='bbox 1533 860 1575 922; x_wconf 91' lang='lat' dir='ltr'><strong>ab</strong></span> <span class='ocrx_word' id='word_1_371' title='bbox 1594 860 1712 922; x_wconf 80' lang='lat' dir='ltr'><strong>Eccle-</strong></span> 
     </span>
     <span class='ocr_line' id='line_1_61' title="bbox 919 959 1712 1038; baseline 0 -18"><span class='ocrx_word' id='word_1_372' title='bbox 919 961 980 1032; x_wconf 90' lang='lat' dir='ltr'><strong>sia,</strong></span> <span class='ocrx_word' id='word_1_373' title='bbox 997 961 1156 1038; x_wconf 85' lang='lat' dir='ltr'><strong>quantum</strong></span> <span class='ocrx_word' id='word_1_374' title='bbox 1179 959 1215 1021; x_wconf 94' lang='lat' dir='ltr'><strong>in</strong></span> <span class='ocrx_word' id='word_1_375' title='bbox 1234 975 1274 1022; x_wconf 87' lang='lat' dir='ltr'><strong>eo</strong></span> <span class='ocrx_word' id='word_1_376' title='bbox 1297 959 1370 1029; x_wconf 86' lang='lat' dir='ltr'><strong>fnit,</strong></span> <span class='ocrx_word' id='word_1_377' title='bbox 1389 959 1556 1037; x_wconf 78' lang='lat' dir='ltr'><strong>expellere</strong></span> <span class='ocrx_word' id='word_1_378' title='bbox 1578 975 1712 1036; x_wconf 88' lang='lat' dir='ltr'><strong>operam</strong></span> 
     </span>
     <span class='ocr_line' id='line_1_62' title="bbox 920 1054 1714 1138; baseline 0 -18"><span class='ocrx_word' id='word_1_379' title='bbox 920 1057 953 1120; x_wconf 84' lang='lat' dir='ltr'><strong>et</strong></span> <span class='ocrx_word' id='word_1_380' title='bbox 979 1057 1124 1120; x_wconf 89' lang='lat' dir='ltr'><strong>studium</strong></span> <span class='ocrx_word' id='word_1_381' title='bbox 1143 1073 1203 1136; x_wconf 91' lang='lat' dir='ltr'><strong>pro</strong></span> <span class='ocrx_word' id='word_1_382' title='bbox 1225 1057 1352 1120; x_wconf 87' lang='lat' dir='ltr'><strong>viribus</strong></span> <span class='ocrx_word' id='word_1_383' title='bbox 1371 1054 1417 1138; x_wconf 89' lang='lat' dir='ltr'><strong>(b)</strong></span> <span class='ocrx_word' id='word_1_384' title='bbox 1438 1057 1537 1120; x_wconf 90' lang='lat' dir='ltr'><strong>dedit.</strong></span> <span class='ocrx_word' id='word_1_385' title='bbox 1561 1057 1714 1120; x_wconf 82' lang='lat' dir='ltr'><strong>Decrevit</strong></span> 
     </span>
     <span class='ocr_line' id='line_1_63' title="bbox 919 1155 1715 1234; baseline -0.001 -16"><span class='ocrx_word' id='word_1_386' title='bbox 919 1155 1019 1219; x_wconf 89' lang='lat' dir='ltr'><strong>etiam</strong></span> <span class='ocrx_word' id='word_1_387' title='bbox 1034 1155 1239 1234; x_wconf 86' lang='lat' dir='ltr'><strong>firmiterque</strong></span> <span class='ocrx_word' id='word_1_388' title='bbox 1253 1155 1433 1229; x_wconf 87' lang='lat' dir='ltr'><strong>constituit,</strong></span> <span class='ocrx_word' id='word_1_389' title='bbox 1450 1157 1487 1218; x_wconf 88' lang='lat' dir='ltr'><strong>ut</strong></span> <span class='ocrx_word' id='word_1_390' title='bbox 1500 1157 1611 1219; x_wconf 90' lang='lat' dir='ltr'><strong>nullus</strong></span> <span class='ocrx_word' id='word_1_391' title='bbox 1624 1156 1715 1218; x_wconf 92' lang='lat' dir='ltr'><strong>dein·</strong></span> 
     </span>
     <span class='ocr_line' id='line_1_64' title="bbox 919 1251 1715 1330; baseline 0.001 -18"><span class='ocrx_word' id='word_1_392' title='bbox 919 1267 996 1328; x_wconf 88' lang='lat' dir='ltr'><strong>ceps</strong></span> <span class='ocrx_word' id='word_1_393' title='bbox 1024 1251 1214 1330; x_wconf 89' lang='lat' dir='ltr'><strong>episcopus,</strong></span> <span class='ocrx_word' id='word_1_394' title='bbox 1242 1251 1295 1312; x_wconf 89' lang='lat' dir='ltr'><strong>vel</strong></span> <span class='ocrx_word' id='word_1_395' title='bbox 1319 1251 1432 1325; x_wconf 89' lang='lat' dir='ltr'><strong>abbas,</strong></span> <span class='ocrx_word' id='word_1_396' title='bbox 1461 1267 1520 1313; x_wconf 91' lang='lat' dir='ltr'><strong>seu</strong></span> <span class='ocrx_word' id='word_1_397' title='bbox 1548 1251 1631 1325; x_wconf 88' lang='lat' dir='ltr'><strong>dux,</strong></span> <span class='ocrx_word' id='word_1_398' title='bbox 1657 1251 1715 1314; x_wconf 90' lang='lat' dir='ltr'><strong>aut</strong></span> 
     </span>
     <span class='ocr_line' id='line_1_65' title="bbox 920 1349 1714 1429; baseline -0.001 -18"><span class='ocrx_word' id='word_1_399' title='bbox 920 1349 987 1411; x_wconf 91' lang='lat' dir='ltr'><strong>alia</strong></span> <span class='ocrx_word' id='word_1_400' title='bbox 1009 1351 1203 1429; x_wconf 88' lang='lat' dir='ltr'><strong>principalis</strong></span> <span class='ocrx_word' id='word_1_401' title='bbox 1232 1365 1390 1428; x_wconf 91' lang='lat' dir='ltr'><strong>persona,</strong></span> <span class='ocrx_word' id='word_1_402' title='bbox 1416 1350 1523 1412; x_wconf 90' lang='lat' dir='ltr'><strong>eidem</strong></span> <span class='ocrx_word' id='word_1_403' title='bbox 1554 1351 1714 1426; x_wconf 79' lang='lat' dir='ltr'><strong>Gregorio</strong></span> 
     </span>
     <span class='ocr_line' id='line_1_66' title="bbox 918 1446 1716 1530; baseline 0 -20"><span class='ocrx_word' id='word_1_404' title='bbox 918 1449 1077 1530; x_wconf 80' lang='lat' dir='ltr'><strong>tanquam</strong></span> <span class='ocrx_word' id='word_1_405' title='bbox 1100 1451 1200 1527; x_wconf 86' lang='lat' dir='ltr'><strong>Papae</strong></span> <span class='ocrx_word' id='word_1_406' title='bbox 1224 1448 1434 1527; x_wconf 86' lang='lat' dir='ltr'><strong>aliquatenus</strong></span> <span class='ocrx_word' id='word_1_407' title='bbox 1460 1447 1594 1512; x_wconf 90' lang='lat' dir='ltr'><strong>obedire</strong></span> <span class='ocrx_word' id='word_1_408' title='bbox 1616 1446 1716 1510; x_wconf 86' lang='lat' dir='ltr'><strong>debe-</strong></span> 
     </span>
     <span class='ocr_line' id='line_1_67' title="bbox 920 1545 1045 1626; baseline 0 -18"><span class='ocrx_word' id='word_1_409' title='bbox 920 1545 998 1626; x_wconf 90' lang='lat' dir='ltr'><strong>ret(</strong></span> <span class='ocrx_word' id='word_1_410' title='bbox 1020 1545 1045 1626; x_wconf 93' lang='lat'><strong>).</strong></span> 
     </span>
    </p>

    <p class='ocr_par' dir='ltr' id='par_1_10' title="bbox 919 1643 1785 4859">
     <span class='ocr_line' id='line_1_68' title="bbox 958 1643 1718 1722; baseline -0.003 -14"><span class='ocrx_word' id='word_1_411' title='bbox 958 1645 990 1708; x_wconf 81' lang='grc'><strong>5.</strong></span> <span class='ocrx_word' id='word_1_412' title='bbox 1012 1646 1054 1707; x_wconf 88' lang='lat' dir='ltr'><strong>Ut</strong></span> <span class='ocrx_word' id='word_1_413' title='bbox 1074 1646 1185 1706; x_wconf 88' lang='lat' dir='ltr'><strong>autem</strong></span> <span class='ocrx_word' id='word_1_414' title='bbox 1207 1643 1296 1706; x_wconf 90' lang='lat' dir='ltr'><strong>hano</strong></span> <span class='ocrx_word' id='word_1_415' title='bbox 1318 1644 1542 1722; x_wconf 90' lang='lat' dir='ltr'><strong>perniciosam</strong></span> <span class='ocrx_word' id='word_1_416' title='bbox 1570 1643 1718 1722; x_wconf 88' lang='lat' dir='ltr'><strong>disposi-</strong></span> 
     </span>
     <span class='ocr_line' id='line_1_69' title="bbox 920 1741 1718 1820; baseline 0 -15"><span class='ocrx_word' id='word_1_417' title='bbox 920 1743 1046 1805; x_wconf 89' lang='lat' dir='ltr'><strong>tionem</strong></span> <span class='ocrx_word' id='word_1_418' title='bbox 1062 1744 1175 1820; x_wconf 88' lang='lat' dir='ltr'><strong>posset</strong></span> <span class='ocrx_word' id='word_1_419' title='bbox 1195 1743 1375 1805; x_wconf 83' lang='lat' dir='ltr'><strong>efficaciter</strong></span> <span class='ocrx_word' id='word_1_420' title='bbox 1390 1741 1585 1820; x_wconf 91' lang='lat' dir='ltr'><strong>adimplere,</strong></span> <span class='ocrx_word' id='word_1_421' title='bbox 1601 1758 1718 1820; x_wconf 83' lang='lat' dir='ltr'><strong>quem-</strong></span> 
     </span>
     <span class='ocr_line' id='line_1_70' title="bbox 921 1839 1716 1914; baseline -0.001 -12"><span class='ocrx_word' id='word_1_422' title='bbox 921 1841 996 1903; x_wconf 90' lang='lat' dir='ltr'><strong>dam</strong></span> <span class='ocrx_word' id='word_1_423' title='bbox 1025 1839 1212 1904; x_wconf 85' lang='lat' dir='ltr'><strong>Rolandum</strong></span> <span class='ocrx_word' id='word_1_424' title='bbox 1240 1843 1467 1914; x_wconf 79' lang='lat' dir='ltr'><strong>parmensem,</strong></span> <span class='ocrx_word' id='word_1_425' title='bbox 1484 1839 1716 1902; x_wconf 89' lang='lat' dir='ltr'><strong>detestabilem</strong></span> 
     </span>
     <span class='ocr_line' id='line_1_71' title="bbox 920 1937 1717 2013; baseline 0.003 -13"><span class='ocrx_word' id='word_1_426' title='bbox 920 1941 1091 2013; x_wconf 90' lang='lat' dir='ltr'><strong>clericum,</strong></span> <span class='ocrx_word' id='word_1_427' title='bbox 1121 1939 1155 2002; x_wconf 91' lang='lat' dir='ltr'><strong>et</strong></span> <span class='ocrx_word' id='word_1_428' title='bbox 1181 1939 1265 2001; x_wconf 91' lang='lat' dir='ltr'><strong>alios</strong></span> <span class='ocrx_word' id='word_1_429' title='bbox 1295 1937 1502 2000; x_wconf 85' lang='lat' dir='ltr'><strong>execrabiles</strong></span> <span class='ocrx_word' id='word_1_430' title='bbox 1522 1939 1625 2010; x_wconf 89' lang='lat' dir='ltr'><strong>viros,</strong></span> <span class='ocrx_word' id='word_1_431' title='bbox 1642 1953 1717 2002; x_wconf 91' lang='lat' dir='ltr'><strong>cum</strong></span> 
     </span>
     <span class='ocr_line' id='line_1_72' title="bbox 921 2037 1717 2114; baseline 0 -16"><span class='ocrx_word' id='word_1_432' title='bbox 921 2039 1042 2101; x_wconf 89' lang='lat' dir='ltr'><strong>litteris</strong></span> <span class='ocrx_word' id='word_1_433' title='bbox 1065 2039 1136 2100; x_wconf 90' lang='lat' dir='ltr'><strong>suis</strong></span> <span class='ocrx_word' id='word_1_434' title='bbox 1161 2041 1300 2100; x_wconf 86' lang='lat' dir='ltr'><strong>Romam</strong></span> <span class='ocrx_word' id='word_1_435' title='bbox 1323 2037 1526 2110; x_wconf 86' lang='lat' dir='ltr'><strong>transmisit,</strong></span> <span class='ocrx_word' id='word_1_436' title='bbox 1552 2037 1717 2114; x_wconf 88' lang='lat' dir='ltr'><strong>quatenus</strong></span> 
     </span>
     <span class='ocr_line' id='line_1_73' title="bbox 921 2134 1719 2216; baseline -0.005 -16"><span class='ocrx_word' id='word_1_437' title='bbox 921 2152 1057 2200; x_wconf 88' lang='lat' dir='ltr'><strong>causam</strong></span> <span class='ocrx_word' id='word_1_438' title='bbox 1071 2137 1180 2216; x_wconf 91' lang='lat' dir='ltr'><strong>ipsam</strong></span> <span class='ocrx_word' id='word_1_439' title='bbox 1194 2135 1358 2198; x_wconf 90' lang='lat' dir='ltr'><strong>vivaciter</strong></span> <span class='ocrx_word' id='word_1_440' title='bbox 1373 2137 1406 2198; x_wconf 89' lang='lat' dir='ltr'><strong>et</strong></span> <span class='ocrx_word' id='word_1_441' title='bbox 1419 2134 1584 2212; x_wconf 89' lang='lat' dir='ltr'><strong>intrepide</strong></span> <span class='ocrx_word' id='word_1_442' title='bbox 1599 2150 1719 2213; x_wconf 88' lang='lat' dir='ltr'><strong>prose-</strong></span> 
     </span>
     <span class='ocr_line' id='line_1_74' title="bbox 921 2231 1785 2316; baseline 0.002 -24"><span class='ocrx_word' id='word_1_443' title='bbox 921 2237 1112 2314; x_wconf 86' lang='lat' dir='ltr'><strong>querentur.</strong></span> <span class='ocrx_word' id='word_1_444' title='bbox 1128 2234 1201 2307; x_wconf 90' lang='lat' dir='ltr'><strong>Qui,</strong></span> <span class='ocrx_word' id='word_1_445' title='bbox 1218 2234 1348 2296; x_wconf 91' lang='lat' dir='ltr'><strong>nefaria</strong></span> <span class='ocrx_word' id='word_1_446' title='bbox 1369 2233 1535 2310; x_wconf 83' lang='lat' dir='ltr'><strong>legatione</strong></span> <span class='ocrx_word' id='word_1_447' title='bbox 1550 2231 1715 2312; x_wconf 86' lang='lat' dir='ltr'><strong>suscepta,</strong></span> <span class='ocrx_word' id='word_1_448' title='bbox 1782 2311 1785 2316; x_wconf 19' lang='grc' dir='ltr'>Ι</span> 
     </span>
     <span class='ocr_line' id='line_1_75' title="bbox 921 2331 1719 2411; baseline -0.003 -17"><span class='ocrx_word' id='word_1_449' title='bbox 921 2334 1160 2411; x_wconf 84' lang='lat' dir='ltr'><strong>processerunt</strong></span> <span class='ocrx_word' id='word_1_450' title='bbox 1173 2331 1460 2410; x_wconf 87' lang='lat' dir='ltr'><strong>usqueadUrbem</strong></span> <span class='ocrx_word' id='word_1_451' title='bbox 1475 2351 1482 2391; x_wconf 74' lang='grc' dir='ltr'>ι</span> <span class='ocrx_word' id='word_1_452' title='bbox 1499 2333 1533 2394; x_wconf 89' lang='lat' dir='ltr'><strong>et</strong></span> <span class='ocrx_word' id='word_1_453' title='bbox 1545 2331 1719 2393; x_wconf 87' lang='lat' dir='ltr'><strong>venientes</strong></span> 
     </span>
     <span class='ocr_line' id='line_1_76' title="bbox 921 2427 1719 2508; baseline -0.004 -15"><span class='ocrx_word' id='word_1_454' title='bbox 921 2431 962 2493; x_wconf 91' lang='lat' dir='ltr'><strong>ad</strong></span> <span class='ocrx_word' id='word_1_455' title='bbox 979 2431 1174 2493; x_wconf 86' lang='lat' dir='ltr'><strong>Pontificem</strong></span> <span class='ocrx_word' id='word_1_456' title='bbox 1193 2432 1272 2492; x_wconf 89' lang='lat' dir='ltr'><strong>tuno</strong></span> <span class='ocrx_word' id='word_1_457' title='bbox 1291 2429 1327 2490; x_wconf 91' lang='lat' dir='ltr'><strong>in</strong></span> <span class='ocrx_word' id='word_1_458' title='bbox 1345 2429 1473 2506; x_wconf 86' lang='lat' dir='ltr'><strong>synodo</strong></span> <span class='ocrx_word' id='word_1_459' title='bbox 1493 2427 1541 2508; x_wconf 88' lang='grc'><strong>(3)</strong></span> <span class='ocrx_word' id='word_1_460' title='bbox 1561 2429 1719 2491; x_wconf 89' lang='lat' dir='ltr'><strong>residen-</strong></span> 
     </span>
     <span class='ocr_line' id='line_1_77' title="bbox 921 2527 1717 2610; baseline -0.005 -18"><span class='ocrx_word' id='word_1_461' title='bbox 921 2531 998 2601; x_wconf 92' lang='lat' dir='ltr'><strong>tem,</strong></span> <span class='ocrx_word' id='word_1_462' title='bbox 1015 2528 1051 2589; x_wconf 93' lang='lat' dir='ltr'><strong>ln</strong></span> <span class='ocrx_word' id='word_1_463' title='bbox 1066 2528 1183 2606; x_wconf 89' lang='lat' dir='ltr'><strong>primis</strong></span> <span class='ocrx_word' id='word_1_464' title='bbox 1199 2527 1288 2604; x_wconf 90' lang='lat' dir='ltr'><strong>regis</strong></span> <span class='ocrx_word' id='word_1_465' title='bbox 1305 2527 1436 2589; x_wconf 85' lang='lat' dir='ltr'><strong>litteras</strong></span> <span class='ocrx_word' id='word_1_466' title='bbox 1458 2529 1717 2610; x_wconf 70' lang='lat' dir='ltr'><strong>presentarunt,</strong></span> 
     </span>
     <span class='ocr_line' id='line_1_78' title="bbox 920 2624 1719 2705; baseline -0.003 -17"><span class='ocrx_word' id='word_1_467' title='bbox 920 2629 953 2691; x_wconf 86' lang='lat' dir='ltr'><strong>et</strong></span> <span class='ocrx_word' id='word_1_468' title='bbox 968 2628 1212 2705; x_wconf 87' lang='lat' dir='ltr'><strong>consequenter</strong></span> <span class='ocrx_word' id='word_1_469' title='bbox 1226 2641 1286 2702; x_wconf 91' lang='lat' dir='ltr'><strong>per</strong></span> <span class='ocrx_word' id='word_1_470' title='bbox 1300 2640 1338 2686; x_wconf 91' lang='lat' dir='ltr'><strong>os</strong></span> <span class='ocrx_word' id='word_1_471' title='bbox 1353 2624 1459 2701; x_wconf 87' lang='lat' dir='ltr'><strong>ipsius</strong></span> <span class='ocrx_word' id='word_1_472' title='bbox 1482 2624 1624 2688; x_wconf 88' lang='lat' dir='ltr'><strong>Rolandi</strong></span> <span class='ocrx_word' id='word_1_473' title='bbox 1644 2640 1719 2686; x_wconf 90' lang='lat' dir='ltr'><strong>cum</strong></span> 
     </span>
     <span class='ocr_line' id='line_1_79' title="bbox 921 2721 1717 2795; baseline -0.003 -9"><span class='ocrx_word' id='word_1_474' title='bbox 921 2724 1024 2787; x_wconf 91' lang='lat' dir='ltr'><strong>nimio</strong></span> <span class='ocrx_word' id='word_1_475' title='bbox 1048 2723 1137 2787; x_wconf 87' lang='lat' dir='ltr'><strong>fastu</strong></span> <span class='ocrx_word' id='word_1_476' title='bbox 1162 2725 1196 2785; x_wconf 90' lang='lat' dir='ltr'><strong>et</strong></span> <span class='ocrx_word' id='word_1_477' title='bbox 1216 2723 1435 2795; x_wconf 86' lang='lat' dir='ltr'><strong>contumacia,</strong></span> <span class='ocrx_word' id='word_1_478' title='bbox 1459 2721 1559 2784; x_wconf 89' lang='lat' dir='ltr'><strong>locuti</strong></span> <span class='ocrx_word' id='word_1_479' title='bbox 1580 2721 1658 2785; x_wconf 91' lang='lat' dir='ltr'><strong>sunt</strong></span> <span class='ocrx_word' id='word_1_480' title='bbox 1680 2722 1717 2784; x_wconf 91' lang='lat' dir='ltr'><strong>in</strong></span> 
     </span>
     <span class='ocr_line' id='line_1_80' title="bbox 921 2820 1719 2884; baseline -0.003 0"><span class='ocrx_word' id='word_1_481' title='bbox 921 2823 1009 2884; x_wconf 91' lang='lat' dir='ltr'><strong>hunc</strong></span> <span class='ocrx_word' id='word_1_482' title='bbox 1024 2821 1156 2884; x_wconf 90' lang='lat' dir='ltr'><strong>modum</strong></span> <span class='ocrx_word' id='word_1_483' title='bbox 1171 2842 1178 2882; x_wconf 76' lang='grc' dir='ltr'><strong>ε</strong></span> <span class='ocrx_word' id='word_1_484' title='bbox 1195 2837 1213 2881; x_wconf 76' lang='lat' dir='ltr'><strong>c</strong></span> <span class='ocrx_word' id='word_1_485' title='bbox 1229 2821 1322 2883; x_wconf 87' lang='lat' dir='ltr'><strong>Misit</strong></span> <span class='ocrx_word' id='word_1_486' title='bbox 1342 2836 1404 2882; x_wconf 91' lang='lat' dir='ltr'><strong>nos</strong></span> <span class='ocrx_word' id='word_1_487' title='bbox 1424 2820 1578 2882; x_wconf 90' lang='lat' dir='ltr'><strong>dominus</strong></span> <span class='ocrx_word' id='word_1_488' title='bbox 1602 2823 1719 2882; x_wconf 85' lang='lat' dir='ltr'><strong>noster</strong></span> 
     </span>
     <span class='ocr_line' id='line_1_81' title="bbox 921 2918 1719 3007; baseline -0.003 -25"><span class='ocrx_word' id='word_1_489' title='bbox 921 2921 1085 3007; x_wconf 83' lang='lat' dir='ltr'><strong>ilenrious</strong></span> <span class='ocrx_word' id='word_1_490' title='bbox 1099 2935 1172 2992; x_wconf 94' lang='lat' dir='ltr'><strong>rex,</strong></span> <span class='ocrx_word' id='word_1_491' title='bbox 1188 2919 1229 2980; x_wconf 92' lang='lat' dir='ltr'><strong>de</strong></span> <span class='ocrx_word' id='word_1_492' title='bbox 1242 2919 1383 2981; x_wconf 90' lang='lat' dir='ltr'><strong>consilio</strong></span> <span class='ocrx_word' id='word_1_493' title='bbox 1397 2918 1627 2997; x_wconf 89' lang='lat' dir='ltr'><strong>episcoporum</strong></span> <span class='ocrx_word' id='word_1_494' title='bbox 1639 2933 1719 2980; x_wconf 88' lang='lat' dir='ltr'><strong>suo-</strong></span> 
     </span>
     <span class='ocr_line' id='line_1_82' title="bbox 921 3017 1718 3097; baseline -0.004 -17"><span class='ocrx_word' id='word_1_495' title='bbox 921 3035 995 3081; x_wconf 91' lang='lat' dir='ltr'><strong>rum</strong></span> <span class='ocrx_word' id='word_1_496' title='bbox 1017 3020 1050 3080; x_wconf 92' lang='lat' dir='ltr'><strong>et</strong></span> <span class='ocrx_word' id='word_1_497' title='bbox 1072 3017 1271 3097; x_wconf 88' lang='lat' dir='ltr'><strong>principum,</strong></span> <span class='ocrx_word' id='word_1_498' title='bbox 1300 3019 1337 3079; x_wconf 90' lang='lat' dir='ltr'><strong>ut</strong></span> <span class='ocrx_word' id='word_1_499' title='bbox 1362 3033 1403 3077; x_wconf 88' lang='lat' dir='ltr'><strong>ea</strong></span> <span class='ocrx_word' id='word_1_500' title='bbox 1429 3033 1503 3094; x_wconf 90' lang='lat' dir='ltr'><strong>quae</strong></span> <span class='ocrx_word' id='word_1_501' title='bbox 1528 3017 1659 3078; x_wconf 87' lang='lat' dir='ltr'><strong>noviter</strong></span> <span class='ocrx_word' id='word_1_502' title='bbox 1678 3017 1718 3078; x_wconf 92' lang='lat' dir='ltr'><strong>de</strong></span> 
     </span>
     <span class='ocr_line' id='line_1_83' title="bbox 921 3114 1720 3179; baseline -0.004 0"><span class='ocrx_word' id='word_1_503' title='bbox 921 3118 1011 3179; x_wconf 86' lang='lat' dir='ltr'><strong>statu</strong></span> <span class='ocrx_word' id='word_1_504' title='bbox 1035 3117 1194 3178; x_wconf 76' lang='lat' dir='ltr'><strong>Ecclesiae</strong></span> <span class='ocrx_word' id='word_1_505' title='bbox 1223 3116 1355 3178; x_wconf 88' lang='lat' dir='ltr'><strong>censuit</strong></span> <span class='ocrx_word' id='word_1_506' title='bbox 1395 3117 1428 3177; x_wconf 90' lang='lat' dir='ltr'><strong>et</strong></span> <span class='ocrx_word' id='word_1_507' title='bbox 1453 3114 1720 3176; x_wconf 81' lang='lat' dir='ltr'><strong>irrevocabiliter</strong></span> 
     </span>
     <span class='ocr_line' id='line_1_84' title="bbox 922 3213 1720 3295; baseline -0.005 -17"><span class='ocrx_word' id='word_1_508' title='bbox 922 3216 1037 3278; x_wconf 88' lang='lat' dir='ltr'><strong>statuit</strong></span> <span class='ocrx_word' id='word_1_509' title='bbox 1051 3213 1098 3295; x_wconf 85' lang='grc'><strong>(4)</strong></span> <span class='ocrx_word' id='word_1_510' title='bbox 1119 3214 1214 3278; x_wconf 89' lang='lat' dir='ltr'><strong>vobis</strong></span> <span class='ocrx_word' id='word_1_511' title='bbox 1236 3213 1366 3292; x_wconf 87' lang='lat' dir='ltr'><strong>publice</strong></span> <span class='ocrx_word' id='word_1_512' title='bbox 1386 3213 1661 3286; x_wconf 72' lang='lat' dir='ltr'><strong>demonstremus</strong></span> <span class='ocrx_word' id='word_1_513' title='bbox 1685 3214 1720 3274; x_wconf 91' lang='lat' dir='ltr'><strong>et</strong></span> 
     </span>
     <span class='ocr_line' id='line_1_85' title="bbox 922 3310 1718 3390; baseline -0.004 -16"><span class='ocrx_word' id='word_1_514' title='bbox 922 3313 1101 3375; x_wconf 84' lang='lat' dir='ltr'><strong>efficaciter</strong></span> <span class='ocrx_word' id='word_1_515' title='bbox 1113 3327 1364 3390; x_wconf 88' lang='lat' dir='ltr'><strong>prosequamur.</strong></span> <span class='ocrx_word' id='word_1_516' title='bbox 1381 3311 1461 3372; x_wconf 91' lang='lat' dir='ltr'><strong>Inde</strong></span> <span class='ocrx_word' id='word_1_517' title='bbox 1477 3310 1623 3389; x_wconf 85' lang='lat' dir='ltr'><strong>estquod</strong></span> <span class='ocrx_word' id='word_1_518' title='bbox 1636 3325 1718 3388; x_wconf 86' lang='lat' dir='ltr'><strong>prae-</strong></span> 
     </span>
     <span class='ocr_line' id='line_1_86' title="bbox 921 3409 1717 3489; baseline -0.004 -16"><span class='ocrx_word' id='word_1_519' title='bbox 921 3411 1074 3489; x_wconf 91' lang='lat' dir='ltr'><strong>cipimus,</strong></span> <span class='ocrx_word' id='word_1_520' title='bbox 1089 3412 1122 3472; x_wconf 94' lang='lat' dir='ltr'><strong>et</strong></span> <span class='ocrx_word' id='word_1_521' title='bbox 1136 3411 1385 3472; x_wconf 84' lang='lat' dir='ltr'><strong>exauctoritate</strong></span> <span class='ocrx_word' id='word_1_522' title='bbox 1394 3410 1484 3485; x_wconf 90' lang='lat' dir='ltr'><strong>regis</strong></span> <span class='ocrx_word' id='word_1_523' title='bbox 1493 3409 1717 3486; x_wconf 91' lang='lat' dir='ltr'><strong>praecipiendo</strong></span> 
     </span>
     <span class='ocr_line' id='line_1_87' title="bbox 921 3506 1717 3584; baseline -0.003 -14"><span class='ocrx_word' id='word_1_524' title='bbox 921 3509 1116 3570; x_wconf 91' lang='lat' dir='ltr'><strong>mandamus</strong></span> <span class='ocrx_word' id='word_1_525' title='bbox 1140 3507 1201 3568; x_wconf 89' lang='lat' dir='ltr'><strong>tibi</strong></span> <span class='ocrx_word' id='word_1_526' title='bbox 1222 3507 1393 3584; x_wconf 80' lang='lat' dir='ltr'><strong>Gregorio,</strong></span> <span class='ocrx_word' id='word_1_527' title='bbox 1415 3508 1452 3568; x_wconf 93' lang='lat' dir='ltr'><strong>ut</strong></span> <span class='ocrx_word' id='word_1_528' title='bbox 1468 3507 1507 3568; x_wconf 88' lang='lat' dir='ltr'><strong>de</strong></span> <span class='ocrx_word' id='word_1_529' title='bbox 1527 3506 1717 3584; x_wconf 73' lang='lat' dir='ltr'><strong>apostolica</strong></span> 
     </span>
     <span class='ocr_line' id='line_1_88' title="bbox 922 3604 1717 3678; baseline -0.004 -9"><span class='ocrx_word' id='word_1_530' title='bbox 922 3608 1007 3669; x_wconf 86' lang='lat' dir='ltr'><strong>Sede</strong></span> <span class='ocrx_word' id='word_1_531' title='bbox 1038 3608 1112 3668; x_wconf 90' lang='lat' dir='ltr'><strong>sine</strong></span> <span class='ocrx_word' id='word_1_532' title='bbox 1135 3621 1229 3667; x_wconf 91' lang='lat' dir='ltr'><strong>mora</strong></span> <span class='ocrx_word' id='word_1_533' title='bbox 1255 3605 1449 3678; x_wconf 87' lang='lat' dir='ltr'><strong>descendas,</strong></span> <span class='ocrx_word' id='word_1_534' title='bbox 1481 3605 1513 3668; x_wconf 90' lang='lat' dir='ltr'><strong>et</strong></span> <span class='ocrx_word' id='word_1_535' title='bbox 1538 3604 1656 3666; x_wconf 92' lang='lat' dir='ltr'><strong>amodo</strong></span> <span class='ocrx_word' id='word_1_536' title='bbox 1676 3604 1717 3666; x_wconf 92' lang='lat' dir='ltr'><strong>de</strong></span> 
     </span>
     <span class='ocr_line' id='line_1_89' title="bbox 920 3703 1717 3784; baseline -0.003 -18"><span class='ocrx_word' id='word_1_537' title='bbox 920 3707 1054 3784; x_wconf 89' lang='lat' dir='ltr'><strong>papatu,</strong></span> <span class='ocrx_word' id='word_1_538' title='bbox 1071 3705 1100 3766; x_wconf 89' lang='lat' dir='ltr'><strong>si</strong></span> <span class='ocrx_word' id='word_1_539' title='bbox 1114 3705 1217 3767; x_wconf 89' lang='lat' dir='ltr'><strong>vitam</strong></span> <span class='ocrx_word' id='word_1_540' title='bbox 1228 3705 1320 3766; x_wconf 88' lang='lat' dir='ltr'><strong>tuam</strong></span> <span class='ocrx_word' id='word_1_541' title='bbox 1335 3703 1459 3780; x_wconf 88' lang='lat' dir='ltr'><strong>diligis,</strong></span> <span class='ocrx_word' id='word_1_542' title='bbox 1476 3704 1508 3764; x_wconf 89' lang='lat' dir='ltr'><strong>te</strong></span> <span class='ocrx_word' id='word_1_543' title='bbox 1526 3703 1717 3764; x_wconf 87' lang='lat' dir='ltr'><strong>nullatenus</strong></span> 
     </span>
     <span class='ocr_line' id='line_1_90' title="bbox 921 3801 1716 3878; baseline -0.004 -13"><span class='ocrx_word' id='word_1_544' title='bbox 921 3803 1135 3867; x_wconf 87' lang='lat' dir='ltr'><strong>intromittas.</strong></span> <span class='ocrx_word' id='word_1_545' title='bbox 1151 3801 1253 3865; x_wconf 87' lang='lat' dir='ltr'><strong>Vobis</strong></span> <span class='ocrx_word' id='word_1_546' title='bbox 1277 3804 1388 3863; x_wconf 89' lang='lat' dir='ltr'><strong>autem</strong></span> <span class='ocrx_word' id='word_1_547' title='bbox 1410 3801 1575 3878; x_wconf 88' lang='lat' dir='ltr'><strong>episcopis</strong></span> <span class='ocrx_word' id='word_1_548' title='bbox 1590 3801 1623 3862; x_wconf 90' lang='lat' dir='ltr'><strong>et</strong></span> <span class='ocrx_word' id='word_1_549' title='bbox 1637 3816 1716 3862; x_wconf 89' lang='lat' dir='ltr'><strong>car·</strong></span> 
     </span>
     <span class='ocr_line' id='line_1_91' title="bbox 921 3899 1719 3986; baseline -0.004 -23"><span class='ocrx_word' id='word_1_550' title='bbox 921 3901 1087 3963; x_wconf 90' lang='lat' dir='ltr'><strong>dinalibus</strong></span> <span class='ocrx_word' id='word_1_551' title='bbox 1101 3901 1217 3986; x_wconf 86' lang='lat' dir='ltr'><strong>eodem</strong></span> <span class='ocrx_word' id='word_1_552' title='bbox 1228 3901 1324 3962; x_wconf 91' lang='lat' dir='ltr'><strong>modo</strong></span> <span class='ocrx_word' id='word_1_553' title='bbox 1334 3899 1550 3976; x_wconf 85' lang='lat' dir='ltr'><strong>injungimus,</strong></span> <span class='ocrx_word' id='word_1_554' title='bbox 1561 3899 1597 3960; x_wconf 93' lang='lat' dir='ltr'><strong>ut</strong></span> <span class='ocrx_word' id='word_1_555' title='bbox 1606 3914 1719 3977; x_wconf 90' lang='lat' dir='ltr'><strong>recep·</strong></span> 
     </span>
     <span class='ocr_line' id='line_1_92' title="bbox 921 3997 1715 4075; baseline -0.005 -13"><span class='ocrx_word' id='word_1_556' title='bbox 921 4001 986 4062; x_wconf 89' lang='lat' dir='ltr'><strong>turi</strong></span> <span class='ocrx_word' id='word_1_557' title='bbox 1008 3999 1202 4062; x_wconf 80' lang='lat' dir='ltr'><strong>Pontificem</strong></span> <span class='ocrx_word' id='word_1_558' title='bbox 1219 3998 1260 4059; x_wconf 91' lang='lat' dir='ltr'><strong>ad</strong></span> <span class='ocrx_word' id='word_1_559' title='bbox 1280 3997 1427 4075; x_wconf 83' lang='lat' dir='ltr'><strong>ejusdem</strong></span> <span class='ocrx_word' id='word_1_560' title='bbox 1450 3997 1538 4073; x_wconf 90' lang='lat' dir='ltr'><strong>regis</strong></span> <span class='ocrx_word' id='word_1_561' title='bbox 1562 4012 1715 4074; x_wconf 88' lang='lat' dir='ltr'><strong>praesen-</strong></span> 
     </span>
     <span class='ocr_line' id='line_1_93' title="bbox 920 4094 1711 4171; baseline -0.004 -12"><span class='ocrx_word' id='word_1_562' title='bbox 920 4095 1344 4168; x_wconf 78' lang='lat' dir='ltr'><strong>tiamfesfinetis.»Quibus</strong></span> <span class='ocrx_word' id='word_1_563' title='bbox 1353 4094 1569 4171; x_wconf 86' lang='lat' dir='ltr'><strong>blasphemiis</strong></span> <span class='ocrx_word' id='word_1_564' title='bbox 1578 4095 1711 4167; x_wconf 88' lang='lat' dir='ltr'><strong>auditis,</strong></span> 
     </span>
     <span class='ocr_line' id='line_1_94' title="bbox 920 4191 1714 4257; baseline -0.004 -1"><span class='ocrx_word' id='word_1_565' title='bbox 920 4197 1036 4257; x_wconf 90' lang='lat' dir='ltr'><strong>contra</strong></span> <span class='ocrx_word' id='word_1_566' title='bbox 1069 4193 1220 4255; x_wconf 89' lang='lat' dir='ltr'><strong>eumdem</strong></span> <span class='ocrx_word' id='word_1_567' title='bbox 1253 4192 1425 4255; x_wconf 79' lang='lat' dir='ltr'><strong>Pontificio</strong></span> <span class='ocrx_word' id='word_1_568' title='bbox 1454 4191 1714 4253; x_wconf 89' lang='lat' dir='ltr'><strong>conviciatorem</strong></span> 
     </span>
     <span class='ocr_line' id='line_1_95' title="bbox 919 4289 1714 4370; baseline -0.005 -14"><span class='ocrx_word' id='word_1_569' title='bbox 919 4293 988 4356; x_wconf 87' lang='lat' dir='ltr'><strong>tota</strong></span> <span class='ocrx_word' id='word_1_570' title='bbox 1004 4291 1150 4370; x_wconf 87' lang='lat' dir='ltr'><strong>synodus</strong></span> <span class='ocrx_word' id='word_1_571' title='bbox 1174 4291 1220 4352; x_wconf 89' lang='lat' dir='ltr'><strong>ita</strong></span> <span class='ocrx_word' id='word_1_572' title='bbox 1244 4290 1459 4352; x_wconf 90' lang='lat' dir='ltr'><strong>vehementer</strong></span> <span class='ocrx_word' id='word_1_573' title='bbox 1473 4289 1609 4361; x_wconf 86' lang='lat' dir='ltr'><strong>exarsit,</strong></span> <span class='ocrx_word' id='word_1_574' title='bbox 1627 4289 1714 4366; x_wconf 87' lang='lat' dir='ltr'><strong>quod</strong></span> 
     </span>
     <span class='ocr_line' id='line_1_96' title="bbox 920 4387 1714 4468; baseline -0.005 -15"><span class='ocrx_word' id='word_1_575' title='bbox 920 4392 987 4453; x_wconf 92' lang='lat' dir='ltr'><strong>nisi</strong></span> <span class='ocrx_word' id='word_1_576' title='bbox 1002 4391 1057 4468; x_wconf 91' lang='lat' dir='ltr'><strong>pia</strong></span> <span class='ocrx_word' id='word_1_577' title='bbox 1070 4388 1288 4452; x_wconf 88' lang='lat' dir='ltr'><strong>mansuetudo</strong></span> <span class='ocrx_word' id='word_1_578' title='bbox 1300 4387 1390 4449; x_wconf 89' lang='lat' dir='ltr'><strong>beati</strong></span> <span class='ocrx_word' id='word_1_579' title='bbox 1403 4390 1502 4464; x_wconf 90' lang='lat' dir='ltr'><strong>Papae</strong></span> <span class='ocrx_word' id='word_1_580' title='bbox 1516 4389 1667 4463; x_wconf 85' lang='lat' dir='ltr'><strong>Gregorii</strong></span> <span class='ocrx_word' id='word_1_581' title='bbox 1678 4403 1714 4449; x_wconf 91' lang='lat' dir='ltr'><strong>se</strong></span> 
     </span>
     <span class='ocr_line' id='line_1_97' title="bbox 920 4485 1716 4567; baseline -0.004 -16"><span class='ocrx_word' id='word_1_582' title='bbox 920 4485 1716 4567; x_wconf 83' lang='lat' dir='ltr'><strong>objecisset,ipsumfideleslloclesiaecumlapidi·</strong></span> 
     </span>
     <span class='ocr_line' id='line_1_98' title="bbox 920 4582 1714 4649; baseline -0.003 0"><span class='ocrx_word' id='word_1_583' title='bbox 920 4587 980 4648; x_wconf 91' lang='lat' dir='ltr'><strong>bus</strong></span> <span class='ocrx_word' id='word_1_584' title='bbox 990 4585 1223 4649; x_wconf 87' lang='lat' dir='ltr'><strong>trucidassent.</strong></span> <span class='ocrx_word' id='word_1_585' title='bbox 1242 4585 1301 4645; x_wconf 88' lang='lat' dir='ltr'><strong>Die</strong></span> <span class='ocrx_word' id='word_1_586' title='bbox 1322 4599 1402 4645; x_wconf 91' lang='lat' dir='ltr'><strong>vero</strong></span> <span class='ocrx_word' id='word_1_587' title='bbox 1420 4583 1526 4644; x_wconf 89' lang='lat' dir='ltr'><strong>altera</strong></span> <span class='ocrx_word' id='word_1_588' title='bbox 1539 4582 1658 4645; x_wconf 80' lang='lat' dir='ltr'><strong>litterae</strong></span> <span class='ocrx_word' id='word_1_589' title='bbox 1673 4582 1714 4647; x_wconf 89' lang='lat' dir='ltr'><strong>ab</strong></span> 
     </span>
     <span class='ocr_line' id='line_1_99' title="bbox 922 4681 1717 4764; baseline -0.001 -18"><span class='ocrx_word' id='word_1_590' title='bbox 922 4685 1085 4764; x_wconf 88' lang='lat' dir='ltr'><strong>episcopis</strong></span> <span class='ocrx_word' id='word_1_591' title='bbox 1098 4683 1351 4746; x_wconf 88' lang='lat' dir='ltr'><strong>ultramontanis</strong></span> <span class='ocrx_word' id='word_1_592' title='bbox 1367 4681 1519 4744; x_wconf 90' lang='lat' dir='ltr'><strong>Pontifici</strong></span> <span class='ocrx_word' id='word_1_593' title='bbox 1535 4681 1717 4745; x_wconf 77' lang='lat' dir='ltr'><strong>sunt&#39;dela-</strong></span> 
     </span>
     <span class='ocr_line' id='line_1_100' title="bbox 920 4779 1717 4859; baseline 0 -14"><span class='ocrx_word' id='word_1_594' title='bbox 920 4785 974 4856; x_wconf 90' lang='lat' dir='ltr'><strong>tae,</strong></span> <span class='ocrx_word' id='word_1_595' title='bbox 991 4783 1026 4844; x_wconf 94' lang='lat' dir='ltr'><strong>in</strong></span> <span class='ocrx_word' id='word_1_596' title='bbox 1045 4781 1164 4859; x_wconf 85' lang='lat' dir='ltr'><strong>quibus</strong></span> <span class='ocrx_word' id='word_1_597' title='bbox 1190 4779 1432 4843; x_wconf 88' lang='lat' dir='ltr'><strong>confitebantur</strong></span> <span class='ocrx_word' id='word_1_598' title='bbox 1451 4797 1488 4842; x_wconf 89' lang='lat' dir='ltr'><strong>se</strong></span> <span class='ocrx_word' id='word_1_599' title='bbox 1516 4795 1660 4854; x_wconf 88' lang='lat' dir='ltr'><strong>errasse,</strong></span> <span class='ocrx_word' id='word_1_600' title='bbox 1684 4782 1717 4845; x_wconf 89' lang='lat' dir='ltr'><strong>et</strong></span> 
     </span>
    </p>
   </div>
   <div class='ocr_carea' id='block_1_7' title="bbox 922 4957 1718 5160">
    <p class='ocr_par' dir='ltr' id='par_1_11' title="bbox 922 4957 1718 5160">
     <span class='ocr_line' id='line_1_101' title="bbox 923 4957 1718 5088; baseline 0.003 -70"><span class='ocrx_word' id='word_1_601' title='bbox 923 4965 1099 5044; x_wconf 77' lang='lat' dir='ltr'><strong>accusateur,</strong></span> <span class='ocrx_word' id='word_1_602' title='bbox 1122 4957 1218 5042; x_wconf 77' lang='lat' dir='ltr'><strong>disant</strong></span> <span class='ocrx_word' id='word_1_603' title='bbox 1243 4957 1310 5052; x_wconf 69' lang='lat' dir='ltr'><strong>quil</strong></span> <span class='ocrx_word' id='word_1_604' title='bbox 1329 4973 1360 5016; x_wconf 90' lang='lat' dir='ltr'><strong>se</strong></span> <span class='ocrx_word' id='word_1_605' title='bbox 1378 4957 1473 5045; x_wconf 72' lang='lat' dir='ltr'><strong>livrait</strong></span> <span class='ocrx_word' id='word_1_606' title='bbox 1486 4957 1510 5043; x_wconf 34' lang='lat' dir='ltr'><strong>&#39;d</strong></span> <span class='ocrx_word' id='word_1_607' title='bbox 1530 4959 1556 5017; x_wconf 91' lang='lat' dir='ltr'><strong>la</strong></span> <span class='ocrx_word' id='word_1_608' title='bbox 1576 4961 1674 5088; x_wconf 57' lang='lat' dir='ltr'><strong>magle</strong></span> <span class='ocrx_word' id='word_1_609' title='bbox 1689 4970 1718 5021; x_wconf 88' lang='lat' dir='ltr'><strong>et</strong></span> 
     </span>
     <span class='ocr_line' id='line_1_102' title="bbox 922 5027 1714 5160; baseline 0.001 -71"><span class='ocrx_word' id='word_1_610' title='bbox 922 5040 950 5089; x_wconf 83' lang='lat' dir='ltr'><strong>et</strong></span> <span class='ocrx_word' id='word_1_611' title='bbox 964 5029 1107 5088; x_wconf 87' lang='lat' dir='ltr'><strong>adorartle</strong></span> <span class='ocrx_word' id='word_1_612' title='bbox 1118 5027 1222 5100; x_wconf 80' lang='lat' dir='ltr'><strong>diable,</strong></span> <span class='ocrx_word' id='word_1_613' title='bbox 1237 5029 1391 5114; x_wconf 83' lang='lat' dir='ltr'><strong>lappclant</strong></span> <span class='ocrx_word' id='word_1_614' title='bbox 1402 5029 1560 5160; x_wconf 46' lang='lat' dir='ltr'><strong>bercingis,</strong></span> <span class='ocrx_word' id='word_1_615' title='bbox 1577 5033 1631 5088; x_wconf 88' lang='lat' dir='ltr'><strong>adn</strong></span> <span class='ocrx_word' id='word_1_616' title='bbox 1644 5041 1714 5103; x_wconf 86' lang='lat' dir='ltr'><strong>tere,</strong></span> 
     </span>
    </p>
   </div>
   <div class='ocr_carea' id='block_1_8' title="bbox 922 5101 1720 5729">
    <p class='ocr_par' dir='ltr' id='par_1_12' title="bbox 922 5101 1640 5175">
     <span class='ocr_line' id='line_1_103' title="bbox 922 5101 1640 5175; baseline 0 -15"><span class='ocrx_word' id='word_1_617' title='bbox 922 5103 987 5161; x_wconf 75' lang='lat' dir='ltr'><strong>bete</strong></span> <span class='ocrx_word' id='word_1_618' title='bbox 1002 5101 1095 5159; x_wconf 77' lang='lat' dir='ltr'><strong>feroce</strong></span> <span class='ocrx_word' id='word_1_619' title='bbox 1110 5101 1344 5174; x_wconf 84' lang='lat' dir='ltr'><strong>etsanguinarre.</strong></span> <span class='ocrx_word' id='word_1_620' title='bbox 1361 5101 1456 5175; x_wconf 87' lang='lat' dir='ltr'><strong>Voigt,</strong></span> <span class='ocrx_word' id='word_1_621' title='bbox 1473 5111 1492 5159; x_wconf 83' lang='lat' dir='ltr'><strong>f.</strong></span> <span class='ocrx_word' id='word_1_622' title='bbox 1525 5141 1535 5171; x_wconf 92' lang='lat'><strong>,</strong></span> <span class='ocrx_word' id='word_1_623' title='bbox 1551 5119 1579 5175; x_wconf 87' lang='lat' dir='ltr'><strong>p.</strong></span> <span class='ocrx_word' id='word_1_624' title='bbox 1595 5103 1640 5160; x_wconf 87' lang='grc'><strong>96.</strong></span> 
     </span>
    </p>

    <p class='ocr_par' dir='ltr' id='par_1_13' title="bbox 924 5170 1717 5374">
     <span class='ocr_line' id='line_1_104' title="bbox 959 5170 1717 5246; baseline -0.001 -13"><span class='ocrx_word' id='word_1_625' title='bbox 959 5173 999 5246; x_wconf 72' lang='grc'><strong>(3)</strong></span> <span class='ocrx_word' id='word_1_626' title='bbox 1011 5176 1050 5233; x_wconf 88' lang='lat' dir='ltr'><strong>Le</strong></span> <span class='ocrx_word' id='word_1_627' title='bbox 1065 5170 1184 5246; x_wconf 85' lang='lat' dir='ltr'><strong>synode,</strong></span> <span class='ocrx_word' id='word_1_628' title='bbox 1203 5171 1363 5230; x_wconf 82' lang='lat' dir='ltr'><strong>assemblde</strong></span> <span class='ocrx_word' id='word_1_629' title='bbox 1384 5173 1543 5241; x_wconf 83' lang='lat' dir='ltr'><strong>restrainte,</strong></span> <span class='ocrx_word' id='word_1_630' title='bbox 1566 5173 1717 5233; x_wconf 78' lang='lat' dir='ltr'><strong>differente</strong></span> 
     </span>
     <span class='ocr_line' id='line_1_105' title="bbox 924 5241 1717 5374; baseline 0.005 -72"><span class='ocrx_word' id='word_1_631' title='bbox 924 5244 961 5374; x_wconf 60' lang='lat' dir='ltr'><strong>gu</strong></span> <span class='ocrx_word' id='word_1_632' title='bbox 989 5267 1001 5294; x_wconf 85' lang='lat'>‹</span> <span class='ocrx_word' id='word_1_633' title='bbox 1016 5244 1171 5304; x_wconf 87' lang='lat' dir='ltr'><strong>Concilium</strong></span> <span class='ocrx_word' id='word_1_634' title='bbox 1184 5245 1331 5318; x_wconf 90' lang='lat' dir='ltr'><strong>generale,</strong></span> <span class='ocrx_word' id='word_1_635' title='bbox 1346 5266 1357 5294; x_wconf 85' lang='lat'><strong>›</strong></span> <span class='ocrx_word' id='word_1_636' title='bbox 1374 5243 1443 5300; x_wconf 80' lang='lat' dir='ltr'><strong>dont</strong></span> <span class='ocrx_word' id='word_1_637' title='bbox 1458 5245 1479 5301; x_wconf 94' lang='lat' dir='ltr'><strong>il</strong></span> <span class='ocrx_word' id='word_1_638' title='bbox 1492 5251 1536 5300; x_wconf 85' lang='lat' dir='ltr'><strong>cst</strong></span> <span class='ocrx_word' id='word_1_639' title='bbox 1555 5241 1634 5318; x_wconf 78' lang='lat' dir='ltr'><strong>parld</strong></span> <span class='ocrx_word' id='word_1_640' title='bbox 1653 5248 1717 5320; x_wconf 87' lang='lat' dir='ltr'><strong>plus</strong></span> 
     </span>
     <span class='ocr_line' id='line_1_106' title="bbox 945 5322 1208 5374; baseline -0.019 -1"><span class='ocrx_word' id='word_1_641' title='bbox 945 5322 1004 5374; x_wconf 84' lang='lat' dir='ltr'><strong>alli.</strong></span> <span class='ocrx_word' id='word_1_642' title='bbox 1204 5360 1208 5368; x_wconf 94' lang='lat'>.</span> 
     </span>
    </p>

    <p class='ocr_par' dir='ltr' id='par_1_14' title="bbox 925 5385 1720 5729">
     <span class='ocr_line' id='line_1_107' title="bbox 960 5385 1718 5460; baseline 0.003 -16"><span class='ocrx_word' id='word_1_643' title='bbox 960 5387 1000 5460; x_wconf 79' lang='grc' dir='ltr'><strong>(Ι)</strong></span> <span class='ocrx_word' id='word_1_644' title='bbox 1016 5389 1071 5444; x_wconf 86' lang='lat' dir='ltr'><strong>Les</strong></span> <span class='ocrx_word' id='word_1_645' title='bbox 1089 5385 1188 5442; x_wconf 85' lang='lat' dir='ltr'><strong>ordros</strong></span> <span class='ocrx_word' id='word_1_646' title='bbox 1207 5385 1243 5442; x_wconf 89' lang='lat' dir='ltr'><strong>do</strong></span> <span class='ocrx_word' id='word_1_647' title='bbox 1262 5385 1431 5458; x_wconf 88' lang='lat' dir='ltr'><strong>l&#39;empcrour</strong></span> <span class='ocrx_word' id='word_1_648' title='bbox 1453 5385 1589 5445; x_wconf 79' lang='lat' dir='ltr'><strong>formnlds</strong></span> <span class='ocrx_word' id='word_1_649' title='bbox 1605 5387 1678 5446; x_wconf 89' lang='lat' dir='ltr'><strong>dans</strong></span> <span class='ocrx_word' id='word_1_650' title='bbox 1691 5389 1718 5446; x_wconf 90' lang='lat' dir='ltr'><strong>le</strong></span> 
     </span>
     <span class='ocr_line' id='line_1_108' title="bbox 925 5455 1716 5586; baseline 0 -71"><span class='ocrx_word' id='word_1_651' title='bbox 925 5458 1034 5586; x_wconf 46' lang='lat' dir='ltr'><strong>svnode</strong></span> <span class='ocrx_word' id='word_1_652' title='bbox 1053 5472 1089 5513; x_wconf 90' lang='lat' dir='ltr'><strong>ne</strong></span> <span class='ocrx_word' id='word_1_653' title='bbox 1111 5457 1266 5529; x_wconf 84' lang='lat' dir='ltr'><strong>pouvaient</strong></span> <span class='ocrx_word' id='word_1_654' title='bbox 1285 5458 1344 5514; x_wconf 79' lang='lat' dir='ltr'><strong>dire</strong></span> <span class='ocrx_word' id='word_1_655' title='bbox 1357 5455 1488 5530; x_wconf 77' lang='lat' dir='ltr'><strong>aruspice</strong></span> <span class='ocrx_word' id='word_1_656' title='bbox 1503 5474 1571 5515; x_wconf 88' lang='lat' dir='ltr'><strong>sans</strong></span> <span class='ocrx_word' id='word_1_657' title='bbox 1586 5475 1623 5516; x_wconf 93' lang='lat' dir='ltr'><strong>un</strong></span> <span class='ocrx_word' id='word_1_658' title='bbox 1635 5475 1716 5516; x_wconf 87' lang='lat' dir='ltr'><strong>oom-</strong></span> 
     </span>
     <span class='ocr_line' id='line_1_109' title="bbox 926 5527 1720 5603; baseline 0.001 -17"><span class='ocrx_word' id='word_1_659' title='bbox 926 5536 983 5602; x_wconf 83' lang='lat' dir='ltr'><strong>pet</strong></span> <span class='ocrx_word' id='word_1_660' title='bbox 1013 5528 1269 5602; x_wconf 81' lang='lat' dir='ltr'><strong>asaujettlssoment</strong></span> <span class='ocrx_word' id='word_1_661' title='bbox 1305 5527 1341 5585; x_wconf 90' lang='lat' dir='ltr'><strong>de</strong></span> <span class='ocrx_word' id='word_1_662' title='bbox 1374 5528 1505 5602; x_wconf 83' lang='lat' dir='ltr'><strong>l&#39;llgliso.</strong></span> <span class='ocrx_word' id='word_1_663' title='bbox 1535 5529 1642 5600; x_wconf 74' lang='lat' dir='ltr'><strong>C&#39;clait,</strong></span> <span class='ocrx_word' id='word_1_664' title='bbox 1668 5545 1720 5603; x_wconf 87' lang='lat' dir='ltr'><strong>par</strong></span> 
     </span>
     <span class='ocr_line' id='line_1_110' title="bbox 925 5597 1717 5729; baseline 0 -73"><span class='ocrx_word' id='word_1_665' title='bbox 925 5614 1045 5729; x_wconf 58' lang='lat' dir='ltr'><strong>grance,</strong></span> <span class='ocrx_word' id='word_1_666' title='bbox 1062 5601 1088 5656; x_wconf 90' lang='lat' dir='ltr'><strong>le</strong></span> <span class='ocrx_word' id='word_1_667' title='bbox 1101 5597 1225 5674; x_wconf 81' lang='lat' dir='ltr'><strong>systdme</strong></span> <span class='ocrx_word' id='word_1_668' title='bbox 1240 5599 1277 5657; x_wconf 92' lang='lat' dir='ltr'><strong>du</strong></span> <span class='ocrx_word' id='word_1_669' title='bbox 1288 5600 1426 5657; x_wconf 89' lang='lat' dir='ltr'><strong>czarismc</strong></span> <span class='ocrx_word' id='word_1_670' title='bbox 1439 5597 1576 5674; x_wconf 76' lang='lat' dir='ltr'><strong>implente</strong></span> <span class='ocrx_word' id='word_1_671' title='bbox 1588 5617 1624 5658; x_wconf 92' lang='lat' dir='ltr'><strong>cn</strong></span> <span class='ocrx_word' id='word_1_672' title='bbox 1635 5599 1717 5658; x_wconf 88' lang='lat' dir='ltr'><strong>Occi-</strong></span> 
     </span>
     <span class='ocr_line' id='line_1_111' title="bbox 946 5677 1003 5728; baseline 0 0"><span class='ocrx_word' id='word_1_673' title='bbox 946 5677 1003 5728; x_wconf 77' lang='lat' dir='ltr'><strong>ent.</strong></span> 
     </span>
    </p>
   </div>
   <div class='ocr_carea' id='block_1_9' title="bbox 1536 5819 1578 5878">
    <p class='ocr_par' dir='ltr' id='par_1_15' title="bbox 1536 5819 1578 5878">
     <span class='ocr_line' id='line_1_112' title="bbox 1536 5819 1578 5878; baseline 0 0"><span class='ocrx_word' id='word_1_674' title='bbox 1536 5819 1578 5878; x_wconf 81' lang='lat' dir='ltr'><strong>la.</strong></span> 
     </span>
    </p>
   </div>
   <div class='ocr_carea' id='block_1_10' title="bbox 0 0 1991 6292">
    <p class='ocr_par' dir='ltr' id='par_1_16' title="bbox 0 0 1991 6292">
     <span class='ocr_line' id='line_1_113' title="bbox 0 0 1991 6292; baseline 0 0"><span class='ocrx_word' id='word_1_675' title='bbox 0 0 1991 6292; x_wconf 95' lang='lat' dir='ltr'><strong> </strong></span> 
     </span>
    </p>
   </div>
  </div>
 </body>
</html>
