4122 6308
95 507 712 587 33111331331331313133133,11331,31
723 505 895 570 servitium

96 617 324 692 3331333331
336 613 468 694 quando
481 597 628 690 pug‘nant
642 606 756 670 contra
771 604 896 666 13333-

96 736 168 793 333,
184 719 239 781 331
253 714 385 794 quiando
404 711 509 773 malos
528 707 679 770 homines
698 699 893 780 corripiunt,

95 819 149 880 rel
170 813 303 894 333313
322 809 487 874 13133331
503 803 749 868 animasbonas
766 801 895 862 31333-

96 917 181 979 13313
195 912 369 992 33131133.
389 909 473 986 Ipsae
490 903 612 966 animas
632 900 769 978 capiunt
786 897 898 958 113333-

97 1013 235 1076 1113133
257 998 752 1078 331311311331113331113133
774 995 895 1058 333133-

96 1115 176 1183 tem,
188 1109 229 1170 in
241 1121 313 1185 qua·
322 1101 504 1166 salvantur.

137 1203 327 1285 Aliquando
362 1199 505 1263 mittitur
529 1195 668 1272 angelus
692 1191 899 1254 3133331333-

93 1305 187 1384 gele,
201 1299 381 1381 aliquando
393 1314 414 1359 3
428 1299 508 1359 lieo.
522 1294 570 1357 Ab
590 1290 793 1367 archangelo
820 1287 899 1350 mit·

97 1405 192 1476 titur,
207 1399 294 1464 sicut
305 1395 484 1460 zacharias
493 1392 636 1455 testatur
649 1389 763 1450 dicens
777 1408 785 1448 :
798 1402 817 1446 3
829 1388 899 1447 An-

99 1501 225 1579 ‹gelus
235 1497 292 1578 qni
303 1492 500 1573 loquebatur
507 1491 542 1552 in
552 1505 616 1562 me,
630 1483 896 1563 regrediebatar3

99 1597 274 1662 «elalius
296 1593 435 1670 angelus
458 1585 691 1667 egrediebatur
718 1583 755 1645 in
778 1596 899 1644 occur-

100 1713 210 1760 ‹sum
222 1697 306 1772 ejus.
328 1691 368 1754 111
389 1687 474 1751 dixit
494 1687 535 1749 ad
553 1701 628 1747 eum
644 1704 652 1744 :
669 1684 772 1744 Curre
791 1681 825 1742 et
844 1679 900 1740 lo·

532 345 737 415 11133330
765 338 1069 406 PENTEGOSTES.
1094 338 1234 402 SERMO
1256 339 1297 402 11.

1682 345 1742 408 954

948 496 1117 563 sibilitatis
1144 501 1206 573 est,
1234 499 1367 578 quando
1391 500 1432 562 ad
1458 500 1565 580 ipsum
1590 507 1743 572 naturaie

949 613 1045 675 posse
1063 597 1172 660 subita
1191 598 1224 661 et
1241 598 1369 660 occulta
1384 599 1508 663 virtute
1520 600 1642 666 1131333
1656 621 1745 682 3333-

949 696 1064 757 sentiae
1086 695 1159 757 sinc
1180 695 1339 758 exteriori
1355 695 1588 774 impedimento
1600 703 1745 778 compri-

950 797 1060 859 mitur.
1096 797 1310 860 obstaculum
1345 799 1555 862 extrinsecus
1586 802 1743 866 adhibitae

950 895 1154 957 difficultatis
1187 897 1253 968 est,
1279 896 1410 973 quando
1436 899 1519 959 nutu
1542 898 1658 962 divino
1687 916 1746 978 per

950 993 1035 1054 31133
1055 994 1233 1070 potestates
1253 993 1461 1057 extrinsecus
1474 993 1645 1058 obviantes
1660 997 1747 1060 3113-

950 1107 1024 1152 333
1038 1091 1237 1164 voluntates,
1253 1106 1295 1152 ne
1310 1091 1351 1152 ad
1367 1091 1520 1154 effectum
1539 1095 1655 1156 333133
1667 1111 1747 1173 333-

952 1187 1028 1260 sint,
1045 1187 1241 1266 133311331.
1263 1188 1422 1250 13113133
1441 1190 1642 1253 13131333333
1660 1209 1745 1270 333-

950 1287 1058 1348 333113
1081 1285 1309 1364 dispositionis
1334 1287 1405 1359 331,
1435 1287 1567 1364 quando
1593 1289 1666 1367 ipsa
1694 1291 1746 1352 313

952 1383 1077 1456 113133,
1094 1400 1168 1460 quae
1187 1383 1229 1446 ab
1244 1384 1335 1447 intus
1350 1385 1439 1446 omni
1448 1387 1608 1448 creaturae
1623 1388 1746 1465 333331-

953 1480 1018 1552 131,
1029 1481 1106 1543 illas
1119 1481 1219 1543 etiam
1229 1482 1428 1555 voluntates,
1442 1498 1515 1560 333
1525 1485 1640 1546 333133
1651 1501 1747 1546 suam

952 1578 1156 1641 voluntatem
1171 1579 1253 1650 ortae
1268 1580 1355 1652 sunt,
1367 1579 1409 1640 ad
1422 1579 1638 1657 profitendam
1652 1597 1747 1644 suam

954 1675 1130 1754 intorquet.

100 1807 239 1874 «quare
260 1791 302 1853 ad
322 1803 462 1867 puerum
479 1784 591 1855 istum,
614 1781 728 1843 dicens
747 1776 900 1854 :Absque
993 1773 1054 1836 His
1066 1787 1148 1850 ergo
1160 1772 1302 1850 quatuor
1309 1772 1417 1836 modis
1427 1789 1547 1852 pravas
1560 1774 1749 1840 voluntates

98 1911 121 1954 ‹
135 1907 232 1954 muro
247 1885 451 1950 habitabitur
461 1880 657 1946 Jerusalem.
672 1874 816 1956 3113313.
830 1888 867 1946 11,
881 1875 901 1934 3
954 1870 1149 1947 angelorum
1170 1870 1386 1933 3111331333
1405 1872 1492 1932 Deus
1509 1871 1551 1932 ad
1573 1871 1748 1951 imperitum

101 1993 136 2053 31
149 1986 236 2067 seq.)
250 1989 333 2048 11333
345 1982 484 2058 angelus
501 1973 765 2057 quiloquebatur
776 1972 811 2034 in
823 1985 902 2049 pro-
955 1985 1024 2031 suae
1037 1967 1218 2031 voluntatis
1233 1967 1388 2044 disponit,
1405 1969 1441 2030 ut
1459 1967 1496 2030 in
1514 1984 1554 2030 eo
1576 1970 1610 2032 et
1625 1971 1660 2032 in
1682 1988 1747 2049 quo

101 2087 215 2165 pheta,
235 2080 333 2154 idest,
352 2080 443 2142 intus
462 2076 497 2138 in
518 2075 627 2136 mente
646 2069 829 2151 propheta,
842 2082 901 2129 re·
955 2067 1107 2144 displicet
1128 2065 1216 2127 idem
1240 2065 1326 2143 quod
1351 2064 1411 2138 est,
1436 2066 1514 2144 quia
1537 2067 1660 2130 malum
1684 2068 1746 2142 est,

103 2179 318 2260 grediebatur
335 2174 494 2238 recedens
510 2170 553 2234 ab
577 2187 631 2246 eo:
653 2168 710 2230 sed
723 2181 902 2230 occurrens
955 2161 1095 2240 placeat,
1110 2161 1188 2239 quia
1206 2160 1258 2223 est
1275 2159 1361 2238 quod
1374 2160 1561 2222 ordinatum
1577 2163 1638 2225 est.
1655 2163 1749 2225 Unde

103 2277 326 2354 archangelus
338 2272 457 2350 angelo
469 2268 620 2348 praecipit
639 2267 672 2329 ei
690 2266 727 2327 ut
742 2262 900 2333 curreret,
956 2259 1114 2322 Dominus
1120 2259 1155 2320 in
1161 2257 1340 2335 Evangelio
1350 2273 1384 2318 :a
1396 2259 1475 2319 Cum
1482 2258 1669 2322 immundus
1686 2260 1752 2338 spi·

49 2417 56 2435 .
103 2377 202 2449 idest,
217 2373 378 2438 331331133
395 2368 619 2432 reverteretur
637 2364 678 2426 ad
694 2360 901 2441 prophetam:
956 2374 975 2418 3
995 2357 1081 2419 31133
1092 2356 1213 2419 exierit
1223 2347 1414 2429 abhomine,
1427 2355 1600 2418 ambulans
1610 2358 1750 2434 perloca

105 2471 310 2553 etpraecepit
323 2470 354 2532 ei
369 2483 435 2530 non
451 2465 558 2528 solum
577 2465 614 2524 31
627 2459 829 2538 loqueretur,
846 2456 903 2518 sed
957 2472 976 2516 3
997 2454 1092 2516 arida
1115 2455 1149 2516 31
1173 2455 1346 2532 inaquosa,
1374 2469 1526 2531 quaerens
1546 2454 1695 2531 requiem
1718 2457 1753 2518 31

105 2573 209 2636 etiam
230 2568 316 2648 quod
335 2564 538 2644 loqueretur.
556 2559 702 2636 Angelus
725 2555 867 2618 mittitur
884 2569 904 2615 a
958 2569 977 2613 ‹
998 2567 1064 2614 non
1083 2550 1257 2614 inveniens
1278 2550 1377 2612 dicit:
1398 2549 1558 2613 Revertar
1568 2550 1603 2611 13
1617 2551 1750 2614 domum

106 2673 188 2743 beo,
211 2666 297 2729 sicut
312 2663 473 2726 babemus
492 2661 533 2722 de
549 2655 702 2721 Gabriele
716 2653 758 2717 ad
774 2653 904 2716 beatam
958 2667 977 2711 ‹
997 2665 1118 2724 meam,
1141 2647 1230 2710 unde
1253 2646 1596 2710 33131111333133113
1622 2647 1752 2712 inuenit

105 2767 291 2844 Virginem
959 2763 1073 2810 3333
1103 2745 1212 2824 scopis
1241 2744 1433 2806 mandatam
1461 2739 1684 2806 31333133.
1712 2745 1753 2808 nt

141 2863 294 2942 Spiritum
304 2857 547 2923 3131133133133
560 2855 611 2919 331
625 2847 904 2921 animahominis,
959 2862 978 2906 3
998 2847 1078 2908 1333
1090 2841 1750 2919 331113133333113331333113333131133

109 2979 184 3041 quae
197 2959 347 3023 31311331
360 2956 531 3036 33333133
545 2969 676 3031 333333.
690 2955 737 3013 De
749 2964 813 3027 quo
826 2946 907 3009 dicit
960 2960 979 3004 ‹
997 2943 1176 3020 nequiores
1191 2951 1238 3014 33,
1257 2941 1294 3002 31
1316 2938 1461 3016 ingressi
1477 2937 1628 3001 habitant
1642 2938 1699 3012 ibi,
1719 2939 1752 3001 et

107 3057 287 3138 Apostolus
304 3077 312 3118 :
328 3061 417 3120 Caro
431 3051 638 3127 concupiscit
658 3052 826 3112 31333333
841 3046 908 3119 331·
960 3057 979 3101 3
999 3039 1273 3102 1331333133133
1283 3037 1426 3099 bominis
1438 3035 1529 3097 illius
1544 3037 1657 3114 pejora
1667 3037 1754 3114 prio-
1836 3009 1840 3017 ¹

109 3159 241 3229 311333,
265 3154 411 3229 33131133
432 3151 551 3212 autem
576 3151 744 3210 adversus
765 3139 908 3205 caraem
961 3155 980 3200 s
1000 3131 1752 3215 3113301311.33,1331333.).313333133

110 3253 234 3335 (Galat
249 3269 283 3322 3,
308 3249 372 3326 ill.
398 3249 433 3311 Si
456 3247 540 3308 bene
564 3241 803 3314 consideretur,
829 3254 908 3301 caro
962 3235 1099 3314 spiritus
1114 3233 1163 3295 ast
1176 3231 1340 3300 diabolus,
1365 3229 1502 3307 spiritus
1516 3244 1577 3306 333
1587 3229 1753 3303 3313333,

110 3369 179 3415 non
193 3347 397 3426 concupiscit
412 3346 571 3408 adversus
587 3341 750 3420 spiritum,
763 3337 841 3416 quia
852 3335 907 3399 ni·
963 3333 1040 3411 quia
1054 3335 1122 3394 Deo
1137 3329 1287 3391 conditus
1305 3327 1375 3403 est;
1393 3326 1582 3388 immundus
1601 3343 1661 3404 per
1678 3327 1755 3389 cul-

110 3450 159 3512 bil
171 3445 377 3524 concupiscit
390 3458 485 3518 caro:
507 3441 564 3503 sed
581 3437 717 3518 spiritus
732 3434 909 3512 concupis·
963 3446 1049 3508 pam,
1080 3427 1157 3506 quia
1182 3440 1242 3502 per
1270 3439 1364 3485 suam
1392 3422 1582 3500 superbiam
1607 3422 1648 3483 de
1671 3423 1756 3485 coelo

33 3607 48 3633 ‚
110 3546 331 3610 31131333333
349 3557 494 3614 carnem,
509 3538 587 3618 quia
606 3535 715 3611 diligit
726 3533 845 3611 ipsam,
862 3529 911 3591 si-
963 3527 1087 3605 ejactus
1102 3523 1163 3586 331.
1185 3520 1278 3584 Unde
1293 3519 1416 3581 Isaias:
1439 3535 1458 3579 ‹
1480 3519 1647 3589 Quomodo
1668 3520 1758 3581 ceci-

112 3645 170 3707 cut
190 3641 271 3704 dicit
288 3638 465 3722 Apostolus
486 3657 498 3698 3
519 3623 629 3700 Naso
649 3646 751 3694 33333
768 3641 911 3692 cameto
963 3641 982 3685 3
1004 3619 1238 3695 disti,iiucifer,
1249 3618 1290 3680 de
1300 3615 1572 3694 coelorquimane
1581 3614 1755 3689 oriebaris,

112 3745 190 3805 3113
201 3731 548 3816 1131311·(11313.3,19).
561 3729 625 3793 scd
638 3729 762 3791 dictum
774 3726 825 3789 331
836 3740 912 3787 con·
964 3739 983 3783 3
1004 3716 1233 3783 311133133313
1245 3713 1343 3777 33313
1356 3712 1436 3775 tuo:
1459 3715 1497 3774 13
1510 3713 1634 3774 coelam
1655 3729 1757 3776 cons-

113 3839 299 3917 cupiscens,
313 3835 391 3914 qnia
406 3831 555 3894 carnalia
565 3827 648 3892 31113
662 3823 910 3904 concupiscunt,
965 3836 984 3880 3
1006 3817 1155 3888 333133,
1171 3828 1271 3891 33333
1290 3810 1381 3874 astra
1395 3809 1456 3872 Dei
1470 3809 1624 3872 exaltabo
1641 3811 1760 3873 solium

114 3938 148 4001 et
160 3935 298 4014 33131133
313 3933 472 3996 adversus
487 3928 557 3991 illa.
966 3934 985 3978 3
1007 3931 1116 3978 3333
1131 3909 1189 3992 (13.
1202 3925 1274 3982 x1v,
1298 3907 1361 3987 12).
1377 3924 1396 3968 s
1417 3907 1607 3968 Immundus
1624 3908 1761 3984 spiritus

157 4031 302 4111 Spiritus
323 4026 530 4107 deceptorius
545 4024 595 4087 est
610 4021 749 4102 quilibet
769 4018 910 4087 daemon,
967 4012 1037 4075 exit
1050 4011 1091 4072 de
1110 4007 1256 4078 bomine,
1272 4003 1404 4082 quando
1417 3997 1614 4079 baptizatur.
1634 4005 1762 4066 Ambu-

114 4131 175 4211 qni
196 4131 272 4192 ideo
294 4125 415 4190 dicitur
429 4119 746 4202 deceptorius,.quia
766 4113 914 4195 quotidie
968 4110 1016 4171 lat
1024 4123 1084 4186 per
1097 4106 1169 4168 loca
1183 4105 1357 4179 inaquosa.
1379 4099 1465 4160 Sunt
1483 4099 1557 4161 loca
1572 4113 1707 4177 aquosa,
1728 4101 1762 4162 ot

116 4229 239 4292 nititur
254 4241 315 4288 nos
332 4224 494 4300 decipere,
525 4218 672 4298 quotidie
692 4214 799 4279 tendit
819 4211 915 4274 nobis
969 4209 1141 4283 inaquosa.
1169 4203 1257 4262 Loca
1279 4212 1407 4275 aquosa
1435 4196 1513 4258 sunt
1535 4195 1635 4258 corda
1662 4197 1763 4258 luxu-

119 4328 289 4404 laqueum,
309 4324 343 4385 et
358 4319 451 4399 ponit
467 4317 563 4381 nobis
574 4314 728 4385 insidias,
750 4311 783 4374 et
803 4308 916 4371 nullus
968 4306 1070 4375 riosa,
1098 4299 1192 4371 idest,
1221 4295 1339 4374 quibus
1360 4293 1460 4354 luxus
1484 4291 1761 4370 concupiscentia

120 4416 456 4502 potestsecustodire
470 4414 512 4480 ab
527 4412 659 4476 insidiis
674 4407 808 4472 diaboli.
824 4404 917 4468 Unde
971 4398 1127 4464 abundat.
1152 4393 1246 4457 Unde
1270 4389 1384 4455 ioht«
1408 4388 1475 4451 Sub
1503 4388 1620 4450 umbra
1642 4389 1765 4452 dormit

121 4519 323 4596 Gregorius:
343 4532 362 4576 3
387 4513 508 4576 Nullus
525 4511 560 4574 13
578 4510 643 4571 hac
662 4507 731 4568 3113
751 4504 917 4583 justorum
971 4500 1007 4561 ln
1019 4496 1149 4558 secreto
1163 4488 1283 4554 calami
1295 4488 1331 4550 in
1350 4486 1434 4550 locis
1448 4485 1705 4548 humentibus»
1727 4487 1763 4547 ln

120 4613 305 4694 33311331
324 4628 391 4674 non
410 4607 539 4687 antiqui
561 4605 668 4669 bostis
683 4602 822 4666 insidias
838 4613 919 4676 pas·
972 4595 1026 4657 bis
1053 4591 1135 4654 locis
1161 4586 1295 4666 aquosis
1329 4584 1519 4646 immundus
1546 4582 1681 4660 spiritus
1709 4597 1766 4644 re-

123 4731 183 4777 sus
203 4712 256 4775 sit.
272 4728 291 4772 3
305 4711 391 4772 Nam
407 4708 479 4785 ipso
500 4703 650 4766 Christus
669 4716 737 4762 non
761 4695 920 4776 permittit
973 4687 1124 4771 quiescit,
1137 4686 1216 4764 quia
1225 4685 1260 4746 in
1273 4680 1428 4746 cordibus
1436 4679 1619 4742 luxuriosis
1629 4677 1765 4742 3133313

123 4811 224 4874 malis
250 4807 379 4884 angelis
407 4817 527 4866 nocere
561 4799 734 4870 homines,
762 4794 920 4873 quantum
975 4801 1105 4866 sempor
1131 4781 1283 4845 diabolus
1317 4777 1455 4840 habitat.
1489 4777 1576 4838 loca
1604 4776 1766 4854 inaquosa

122 4907 251 4972 volunt
266 4905 413 4979 Quatuor
429 4900 535 4963 modis
550 4894 680 4961 coercet
700 4895 787 4956 Deus
810 4890 922 4969 potes-
975 4881 1162 4948 suntcorda
1174 4879 1276 4950 casta,
1291 4891 1367 4971 quae¹
1384 4873 1557 4937 charitatis
1575 4873 1653 4949 igne
1665 4873 1767 4936 ilam-

125 5007 229 5069 tatem
251 5005 285 5065 et
306 4997 509 5066 3313313133
523 4995 687 5057 malorum
704 4989 919 5066 angelorum:
976 4979 1135 5045 mescunt
1166 4975 1260 5040 Unde
1284 4971 1478 5051 Apostolus:
1510 4972 1671 5034 01331133
1704 4971 1769 5034 Det

125 5106 186 5166 331
210 5100 354 5163 termino
378 5093 576 5158 naturaliter
589 5089 718 5153 collata
737 5084 920 5165 potestatis,
976 5081 1103 5157 diptica
1112 5076 1164 5140 cst
1173 5077 1211 5136 13
1224 5074 1382 5135 33311133
1391 5068 1591 5144 3331313333
1599 5070 1770 5144 spiratum

126 5203 187 5264 aut
204 5196 367 5260 miraculo
386 5193 488 5257 illatae
507 5185 749 5269 possibilitatis,
765 5184 823 5246 aut
841 5180 922 5244 obs·
977 5177 1142 5241 Sanctum
1162 5175 1221 5248 qul
1243 5171 1345 5232 dctus
1359 5167 1410 5229 331
1431 5163 1701 5244 3311361333,
1722 5165 1768 5246 5).
1844 5205 1855 5220 ,

128 5297 240 5361 133313
276 5293 485 5357 extrinsecus
518 5285 674 5350 adbibitae
707 5279 922 5351 difficultatis,
978 5276 1019 5338 Et
1043 5273 1079 5335 in
1105 5269 1240 5333 cantico
1265 5264 1494 5352 Canticorum:
1520 5265 1629 5336 Aquoe
1653 5265 1772 5325 muitae

129 5398 188 5460 aut
212 5393 336 5456 indicio
358 5389 558 5452 intrinsecus
589 5379 757 5462 operantis
780 5376 925 5455 disposi-
979 5367 1204 5447 nonpossint
1217 5363 1423 5438 conticescere
1436 5358 1643 5420 3133113133
1661 5359 1768 5438 (cant.

129 5493 243 5558 tionis.
257 5488 431 5553 Terminus
445 5485 496 5547 est
509 5467 705 5544 naturaliter
715 5475 844 5540 collatae
861 5489 925 5551 po·
979 5484 1052 5541 331,
1073 5464 1119 5546 7).
1144 5467 1183 5526 13
1199 5460 1273 5523 istis
1292 5457 1375 5519 locis
1394 5455 1497 5517 aridis
1516 5454 1652 5533 spiritns
1673 5455 1772 5516 mali-¹

131 5590 273 5663 testatis,
289 5587 447 5666 quantum
466 5579 664 5645 naturaliter
687 5589 783 5654 posse
802 5586 926 5634 conce·
980 5581 1065 5644 gnus
1079 5577 1146 5624 non
1158 5556 1296 5626 habitat,
1311 5553 1369 5616 sed
1382 5553 1518 5631 spiritus
1531 5550 1694 5626 benignus
1716 5567 1771 5613 33-’

133 5691 235 5752 11133.
249 5683 447 5749 1113333133
458 5676 683 5758 temporaliter
696 5670 927 5747 1131313333-
981 5659 1131 5742 quiescit,
1152 5655 1249 5738 Juxta
1268 5651 1354 5732 quod
1372 5649 1451 5712 dicit
1475 5647 1601 5710 isaias:
1625 5663 1644 5710 3
1666 5649 1773 5726 Super
