4004 6302
66 339 115 400 ne
489 331 834 410 senoniensium
855 333 1060 396 nouarum
1082 337 1262 410 conara.
1444 313 1458 340 ⁴
1636 341 1697 404 rsa

65 495 145 562 narii
163 497 201 558 tn
226 493 440 572 prodendum
458 501 633 560 materam
653 492 869 558 contemnet
901 495 1066 572 corporis3
1097 497 1153 576 qui
1179 497 1267 563 livor
1294 496 1456 576 abstergit
1483 497 1582 574 mala,
1610 499 1698 563 idest

65 595 164 675 (Pror.
183 591 510 672 munstravero
531 607 791 671 nonnunquam,
811 591 847 653 ut
901 593 1047 669 peccata.
1063 597 1108 657 Et
1117 601 1231 673 piopae
1246 597 1282 659 in
1304 597 1540 660 secretioribus
1558 598 1696 672 reatris,

62 694 125 754 daec
148 691 262 752 omnia
287 691 444 754 similiter
469 690 712 754 confessionem
739 690 847 766 impe-
902 689 996 762 idest,
1013 693 1169 756 contritio
1182 695 1215 756 et
1232 695 1422 758 humiliatio
1436 695 1643 774 poenitentiae
1660 695 1697 757 in

67 790 155 850 diant.
170 788 234 850 Sed
247 789 320 865 quis
331 790 473 866 quatuor
484 789 527 851 iis
542 788 651 861 malis,
668 789 759 850 recte
776 790 846 865 jam
901 789 1265 854 secretioribusauimae
1276 792 1470 870 abstergunt
1482 792 1582 866 mala,
1599 792 1697 866 idest,

69 888 95 948 in
112 889 320 948 monumento
336 887 438 964 jacet,
461 888 494 950 et
512 886 602 950 velut
622 887 680 948 ille
698 901 846 962 aranga·
901 887 1048 964 peccata.
1072 889 1291 952 Comminatio
1314 891 1365 952 est
1379 891 1512 968 quando
1538 890 1698 969 praelafus

67 986 138 1048 dous
182 983 424 1061 quatriduanus
463 986 565 1064 putet.
601 984 766 1061 Scriptum
796 984 849 1046 est
902 985 1046 1048 ostendit
1068 986 1101 1048 et
1124 986 1276 1064 preadicit
1291 987 1488 1052 infernalem
1511 989 1700 1052 damnatio-

65 1083 154 1144 enim:
167 1099 186 1142 c
201 1084 230 1144 A
245 1082 386 1156 mortue,
406 1083 498 1149 velut
514 1083 571 1161 qui
591 1098 659 1144 non
675 1083 737 1156 est,
759 1081 846 1160 perit
901 1097 989 1144 nem.
1007 1082 1100 1146 Unde
1128 1083 1266 1146 sibilla:
1280 1102 1299 1146 s
1313 1086 1572 1164 Tartareumque
1593 1086 1696 1148 chaos

65 1179 225 1244 confessio.
240 1195 261 1240 s
902 1180 1099 1244 monstrabit
1110 1182 1200 1243 terra
1212 1182 1388 1246 dehiscens
1403 1183 1523 1256 rideat,
1542 1183 1698 1248 scindens

96 1277 172 1341 Sunt
192 1277 305 1340 autem
328 1277 524 1357 apponenda
547 1279 663 1341 contra
685 1275 846 1355 pudorem
901 1293 938 1339 se
954 1278 1098 1340 ostendit
1112 1278 1295 1342 tartareum
1310 1280 1424 1353 chaos,
1445 1280 1541 1353 idest,
1564 1281 1700 1358 voragi-

61 1375 271 1438 comideratio
298 1377 451 1450 rationis,
478 1377 668 1439 reverentia
684 1374 846 1438 intuentis
901 1391 977 1438 nem
999 1375 1218 1450 infernorum,
1243 1377 1332 1440 sicut
1351 1378 1433 1440 dicit
1451 1377 1581 1440 Dario:
1604 1377 1700 1440 Pintt

66 1474 123 1547 Dei,
137 1475 340 1551 comparatio
354 1475 492 1552 majoris
505 1473 721 1536 confusionis.
741 1472 846 1535 Simi-
900 1489 1007 1549 snper
1017 1475 1217 1550 peccatores
1231 1480 1379 1550 loqueos,
1395 1476 1701 1552 ianissmpnumt

67 1571 130 1634 liter
150 1571 266 1634 contra
287 1572 441 1634 timorem
460 1571 657 1650 apponenda
672 1570 845 1632 sunttria:
900 1573 1047 1646 spiritns
1070 1577 1305 1648 procederem
1328 1587 1416 1649 pars
1437 1575 1554 1638 coticis
1578 1587 1701 1636 comm

68 1669 208 1745 quamsit
228 1669 331 1746 longa
348 1685 446 1747 poena
467 1669 602 1742 inferni,
616 1684 717 1747 quam
732 1668 846 1745 gravis
902 1665 972 1748 (Ps.
989 1670 1038 1741 10,
1054 1667 1100 1748 7).

62 1767 92 1828 et
100 1765 309 1839 infructuosa,
324 1767 357 1829 et
369 1782 387 1828 e
400 1767 567 1830 contrario
581 1766 758 1844 praesentis
768 1765 848 1827 tem·
941 1766 1100 1828 Dominus
1126 1766 1212 1844 pluit
1223 1765 1359 1844 laqueos
1381 1781 1483 1844 super
1495 1767 1699 1845 peccatores,

64 1863 140 1942 poris
151 1864 465 1942 poemtentiaequam
478 1864 588 1926 brevis
602 1865 655 1937 sit,
672 1879 772 1942 quam
790 1864 845 1925 le·
900 1862 998 1937 idest,
1015 1864 1207 1942 laqueantia
1227 1865 1391 1928 tormenta
1410 1881 1511 1943 super
1523 1865 1698 1927 damnatos

67 1962 116 2034 ris,
138 1977 235 2040 quam
259 1961 439 2025 fructuosa.
463 1961 584 2024 Contra
604 1977 696 2040 spem
716 1975 846 2039 quoque
900 1961 937 2022 in
949 1961 1094 2024 inferno.
1111 1963 1289 2025 Tormenta
1302 1962 1458 2025 dicuntur
1479 1962 1604 2040 laquei,
1620 1963 1700 2040 quia

67 2059 129 2120 iude
146 2059 342 2137 opponenda
355 2061 433 2122 sunt
443 2060 508 2122 tria
526 2060 673 2136 scilicet;
688 2058 776 2122 bona
790 2058 846 2120 fu·
901 2060 949 2122 sio
964 2059 1118 2137 affligunt
1129 2061 1275 2122 animam
1289 2062 1323 2122 at
1343 2075 1474 2139 corpus,
1491 2060 1527 2122 ut
1550 2076 1617 2122 non
1633 2076 1698 2138 pa-

67 2157 120 2218 turi
136 2157 251 2219 saeculi
272 2159 447 2236 praesentis
466 2159 543 2221 ritae
566 2157 664 2220 bouis
689 2157 844 2231 certiora,
900 2159 1113 2222 tiantureum
1126 2173 1146 2220 a
1160 2157 1332 2220 laboribus
1352 2158 1448 2220 solvi.
1465 2158 1594 2220 Etnota
1611 2157 1699 2236 quod

66 2254 266 2318 durabiliora.
293 2255 457 2334 Quidquid
478 2271 558 2318 vero
579 2255 615 2317 in
634 2255 698 2316 hoc
724 2254 846 2318 mundo
901 2256 1024 2319 dicitur
1038 2257 1134 2336 pluit,
1148 2257 1227 2334 quia
1242 2256 1330 2318 sicut
1343 2255 1457 2333 pluvia
1467 2256 1617 2318 funditur
1638 2271 1700 2318 su·

65 2351 232 2416 desiderari
256 2353 365 2430 potest
382 2354 546 2417 incertum
558 2353 653 2418 estet
667 2352 844 2426 modicum,
901 2355 1099 2433 perferrem
1125 2355 1162 2416 in
1183 2355 1297 2418 multis
1323 2355 1437 2432 guttis,
1461 2353 1510 2417 ita
1536 2353 1702 2416 tormenta

68 2450 135 2512 siut
146 2451 190 2513 ita
203 2450 327 2525 dicam,
344 2452 621 2514 momentaneum.
835 2527 837 2532 ¹
900 2453 1077 2516 mittuntur
1088 2453 1124 2514 in
1136 2452 1295 2531 reprobos
1311 2450 1610 2514 innumerabilibus
1625 2467 1701 2530 poe-

98 2551 139 2610 lta
154 2551 273 2612 contra
288 2550 552 2628 desperationem
564 2551 632 2613 tria
647 2550 725 2613 sunt
738 2564 845 2627 oppo-
899 2551 964 2614 uis.
980 2550 1073 2613 Unde
1101 2550 1240 2614 dicitur:
1256 2551 1358 2626 Ignis,
1383 2549 1524 2628 sulphur
1524 2593 1587 2611 .....
1609 2550 1701 2626 Ignis

63 2647 157 2708 aenda
169 2647 184 2708 ε’
204 2647 309 2710 Prius
320 2648 416 2724 vigor
434 2663 531 2726 quem
553 2648 692 2710 assumit
706 2663 750 2710 ex
761 2661 846 2710 con-
901 2649 1029 2712 crustat
1057 2648 1195 2722 ardore,
1225 2647 1366 2726 sulphur
1393 2648 1535 2721 factore,
1564 2647 1703 2725 spiritus

69 2742 202 2818 ssione,
216 2747 331 2822 gratia
349 2746 409 2807 Dei
422 2761 521 2825 quam
537 2761 604 2808 non
624 2746 781 2809 moeretur
804 2761 847 2807 ex
901 2747 1145 2825 procellarum,
1181 2745 1279 2819 idest,
1317 2745 1437 2808 ventus
1466 2745 1701 2824 tempestatum

69 2839 251 2916 humilitate,
267 2843 430 2904 auxilium
441 2843 528 2923 quod
540 2841 641 2906 habet
652 2859 696 2905 ex
705 2845 778 2921 eJus
792 2843 846 2906 oui
896 2845 1091 2922 jactatione,
1106 2844 1262 2923 quoniam
1272 2843 1378 2922 jaciat
1390 2843 1564 2906 damnatos
1578 2842 1619 2905 de
1634 2857 1716 2904 uno·

70 2941 223 3003 coutimur
252 2942 496 3019 compassioue;
513 2957 644 3019 semper
657 2941 746 3004 enim
761 2957 847 3004 com·
901 2943 973 3005 loco
1002 2942 1044 3004 ad
1071 2942 1185 3014 alium,
1215 2942 1302 3003 sicut
1322 2940 1404 3003 dicit
1425 2939 1487 3003 iob
1504 2943 1575 3002 :Ab
1600 2943 1704 3015 mnis

70 3039 159 3112 passio
173 3039 446 3102 ducithominem
461 3039 501 3101 ad
515 3040 755 3117 poeniteutiam.
768 3039 847 3102 Tria
900 3044 1036 3104 aivitiae
1066 3040 1264 3102 transibunt
1290 3043 1335 3100 ad
1364 3043 1514 3102 ceteram
1538 3040 1699 3100 nimium.

69 3135 130 3198 sunt
158 3137 193 3198 in
223 3137 423 3214 pomanus
455 3137 718 3200 consideranda:
753 3136 847 3200 dolor
902 3135 1449 3219 (lob.xx1v‚19).Ethaecomnia
1468 3136 1546 3199 sunt
1561 3151 1639 3214 pars
1650 3151 1703 3198 oa·

70 3235 218 3308 prataria,
238 3233 388 3298 custodia
400 3235 514 3310 futuri,
526 3235 710 3298 satisfactio
721 3235 844 3298 delicti.
900 3237 986 3310 licis,
1012 3237 1099 3299 idest
1124 3235 1290 3314 passionis
1315 3250 1442 3297 eorum.
1462 3235 1503 3296 at
1517 3235 1595 3297 nota
1615 3233 1701 3311 quod

69 3330 151 3393 Dolor
163 3332 298 3411 culpam
313 3332 438 3412 placat,
454 3333 640 3398 satisfactio
654 3331 773 3396 vitium
790 3348 848 3395 sa·
901 3335 981 3398 dicit
996 3351 1069 3397 esse
1083 3335 1213 3412 partem
1225 3332 1352 3406 calicis,
1368 3333 1447 3410 quia
1463 3347 1569 3410 pauca
1584 3331 1704 3393 dicuu-

67 3431 122 3500 oat,
136 3431 286 3494 custodia
301 3432 477 3495 sanitatem
501 3432 623 3494 serrat.
646 3434 684 3494 in
699 3431 752 3493 his
765 3447 845 3492 cus·
899 3432 955 3494 tur
980 3432 1021 3494 de
1046 3430 1221 3494 tormentis
1247 3430 1371 3492 inferni
1392 3429 1428 3492 in
1454 3427 1702 3507 comparatione

70 3525 140 3590 todia
153 3529 259 3592 fubrri
270 3531 413 3608 primum
425 3530 533 3592 locum
543 3530 644 3602 tenet,
659 3528 753 3591 dolor
765 3544 847 3606 pra·
900 3545 1017 3592 eorum
1032 3528 1207 3606 quaesunt.

69 3625 140 3688 teriti
150 3628 345 3702 secundum,
355 3628 539 3691 satisfactio
553 3627 666 3690 delicti
680 3627 844 3690 ultimum.
941 3626 1136 3699 Promissio,
1160 3626 1211 3688 est
1238 3624 1370 3703 quando
1393 3623 1553 3702 praelatus
1582 3623 1701 3701 dignos
1779 3636 1787 3650 ·

64 3723 132 3792 *Qua
149 3725 288 3798 tantum¹
298 3725 438 3805 proficit,
455 3725 615 3804 quantum
632 3726 753 3790 caetera
768 3724 845 3787 efd-
901 3724 1030 3788 fructus
1042 3721 1457 3802 poenitentiaefiacientibus
1470 3722 1503 3784 et
1515 3720 1613 3784 bonis
1623 3737 1705 3799 ope-

66 3820 112 3886 cit.
125 3825 199 3888 Hac
212 3824 283 3888 tria
298 3825 347 3886 sic
358 3824 532 3902 pausanda
551 3825 629 3886 sunt
642 3825 679 3886 ut
695 3823 739 3886 sit
752 3823 847 3885 dolor
900 3823 993 3886 ribus
1008 3822 1205 3886 vacantibus
1220 3820 1383 3901 promittit
1405 3820 1508 3883 vitam
1531 3820 1702 3882 aeternam.

66 3917 178 3994 plenus,
194 3922 349 3986 custodia
360 3922 518 4000 perfecta,
534 3922 718 3986 satisfactio
733 3921 844 3999 digna.
902 3923 1066 3996 Quoniam
1084 3921 1182 3983 bomo
1198 3936 1217 3981 a
1242 3922 1310 3981 Deo
1325 3919 1459 3980 creatus
1472 3917 1575 3979 estad
1590 3917 1704 3995 perci-

101 4019 281 4084 Gonsolatio
296 4021 347 4082 est
363 4019 497 4099 quando
510 4021 668 4099 praelatus
682 4019 847 4082 confortat
902 4019 1056 4098 piendam
1068 4018 1210 4094 gloriam
1234 4032 1388 4092 supernae
1403 4014 1644 4086 retributionis,
1668 4013 1705 4076 ut

70 4119 241 4189 domatores
254 4119 379 4196 positos
390 4119 425 4180 in
438 4119 620 4184 afflictione
630 4117 844 4195 paenitentia),
902 4116 1076 4179 transferri
1090 4115 1197 4192 possit
1212 4113 1252 4175 ad
1264 4113 1405 4190 gloriam
1416 4111 1600 4173 coelesiium
1613 4127 1706 4172 man-

70 4213 112 4273 rel
121 4215 307 4294 inqualibet
320 4217 387 4279 alia
401 4216 626 4289 tribulatione,
643 4216 696 4278 rel
711 4213 848 4277 infirmi·
901 4215 1044 4277 stonum.
1067 4210 1333 4287 UndessDominus
1348 4209 1432 4271 bene
1443 4208 1618 4284 agentibus
1632 4208 1706 4270 dic-

71 4308 133 4385 tate,
148 4315 179 4376 et
191 4314 383 4378 consolatur
397 4330 466 4389 eos,
482 4315 638 4392 quoniam
654 4313 728 4391 pius
742 4312 777 4376 et
789 4312 848 4374 mi·
901 4314 998 4375 turus
1023 4311 1096 4372 est:
1117 4308 1248 4380 Venite,
1275 4305 1443 4368 benedicti
1470 4305 1594 4367 Patris
1621 4309 1702 4379 mei,

64 4410 195 4474 sericors
214 4413 376 4476 Dominus
402 4413 547 4474 remittet
574 4411 609 4474 in
635 4410 847 4474 tribulatione
900 4408 1252 4486 perspicitereqnnm
1268 4445 1330 4466 .....
1345 4401 1477 4484 (blattis.
1494 4419 1575 4476 xxv,
1590 4401 1657 4483 34).

71 4511 197 4579 peccata
214 4510 311 4574 Unde
324 4511 428 4574 David
446 4510 481 4571 in
505 4525 649 4588 persona
663 4507 847 4587 peccatoris
942 4510 1013 4570 Duo
1028 4521 1108 4568 vero
1127 4504 1237 4582 pisces
1259 4502 1337 4565 suut
1359 4501 1512 4578 exempla
1534 4501 1705 4578 patientiae
1731 4555 1733 4560 ,

72 4601 153 4668 dicit:
174 4611 369 4672 secundnm
400 4608 656 4674 multitudinem
690 4609 848 4668 dotorum
903 4598 1704 4676 etobedientiae.Patientia,sicutfuitinioseph,

71 4713 208 4768 mamam
220 4708 469 4770 consolationes
481 4707 561 4778 inoe,
573 4708 729 4776 Domine,
742 4704 849 4778 tortiti-
902 4703 1059 4781 quoniam
1075 4716 1141 4762 non
1156 4698 1301 4761 reddidit
1315 4696 1440 4760 malum
1454 4711 1514 4774 pro
1530 4695 1616 4758 malo
1632 4697 1703 4758 suis

69 4805 218 4868 caverant
236 4808 394 4867 animam
415 4818 531 4868 nicam
554 4800 624 4883 (Ps.
647 4803 698 4871 93,
722 4800 785 4881 19).
810 4801 849 4864 at
902 4800 1073 4872 fratribus,
1090 4797 1148 4861 sed
1160 4797 1283 4859 bonum
1295 4811 1356 4874 pro
1369 4794 1458 4856 malo
1475 4792 1629 4857 retribuit
1641 4794 1703 4868 eis,

71 4897 230 4964 sinam
252 4901 314 4974 Qui
339 4901 496 4964 irasceris
524 4899 558 4962 et
584 4899 849 4962 misericordiam
903 4899 981 4977 quia
996 4897 1113 4960 contra
1125 4910 1183 4958 eos
1204 4892 1297 4955 nullo
1311 4893 1427 4954 dolore
1446 4891 1555 4954 motus
1569 4892 1630 4966 est,
1647 4892 1705 4955 sed

72 4992 149 5072 facis,
169 4999 202 5062 et
217 5001 330 5062 omnia
347 4999 483 5078 peccata
502 4997 674 5060 hominum
688 4998 724 5058 in
738 4995 848 5060 tribu·
903 4997 987 5059 dixit
1002 4995 1051 5058 eis
1068 4995 1200 5058 :Nolite
1215 4992 1350 5064 timere,
1371 5005 1436 5052 neo
1462 4993 1591 5053 durum
1611 4993 1706 5054 vobis

72 5090 178 5160 latione
190 5095 340 5160 dimittis.
357 5113 376 5158 s
391 5097 525 5170 Quoties
541 5095 630 5157 enim
647 5095 770 5174 aliquis
788 5110 850 5173 pa·
902 5094 1064 5157 rimatur
1078 5093 1166 5167 qnod
1191 5089 1395 5152 vendidistis
1408 5101 1480 5161 me,
1503 5103 1570 5164 pro
1595 5088 1706 5150 sainte

72 5190 139 5253 titur
152 5195 356 5273 corporalem
378 5193 605 5256 infirmitatem
625 5193 682 5256 aut
701 5193 848 5270 aliquam
903 5196 997 5256 anim
1014 5191 1134 5254 vestra
1149 5188 1246 5250 misit
1259 5201 1316 5250 me
1334 5185 1605 5249 Dominus-anic
1632 5199 1705 5246 vos.

71 5286 312 5366 impletionem,
348 5292 447 5356 toties
481 5307 617 5354 suorum
637 5291 848 5369 peccatorum
904 5288 999 5371 (Gen.
1012 5303 1092 5360 xuv,
1105 5284 1151 5367 5).
1167 5284 1382 5356 obedientior,
1390 5281 1477 5344 siout
1489 5279 1553 5344 fuit
1563 5281 1708 5344 inAbra-

73 5390 193 5453 uacua
208 5390 433 5468 deterguntur.
446 5389 541 5452 Unde
551 5389 727 5452 Salomon:
743 5391 849 5452 Livor
903 5387 992 5461 ham,
1020 5401 1096 5448 cum
1117 5383 1277 5446 Dominus
1298 5380 1384 5442 dixit
1403 5379 1459 5442 ei:
1486 5383 1573 5444 Tollo
1596 5381 1707 5452 litium

73 5489 387 5565 ndraertsadsterqtt
400 5487 540 5551 mordet
550 5492 663 5565 plaqae
682 5491 850 5550 insacra-
902 5484 1131 5561 aniqcnitnm,
1156 5494 1258 5555 qnam
1281 5480 1405 5554 diripis,
1423 5480 1535 5550 Isaac,
1561 5476 1595 5540 et
1618 5476 1708 5550 offer

75 5578 202 5650 iniibus
216 5587 350 5649 ventris
363 5583 477 5665 (Pror.
495 5600 555 5654 xx,
569 5582 636 5665 30).
652 5583 754 5647 Livor
774 5583 850 5648 rul-
903 5598 982 5646 eam
998 5578 1278 5644 innotocaastum
1289 5590 1400 5651 snpra
1413 5589 1524 5638 annm
1535 5573 1707 5636 neoni-inm

74 5681 151 5744 neris
163 5685 211 5750 est
224 5684 412 5760 infirmitas,
431 5683 483 5749 rel
501 5682 666 5763 ‚qualibet
679 5683 848 5747 tribulatio
903 5693 1005 5755 qoem
1029 5675 1272 5741 morntravero
1294 5671 1353 5736 tibi
1368 5669 1464 5750 (tien.
1480 5685 1564 5742 1111,
1579 5666 1625 5749 2).
1642 5669 1705 5743 Qui
