4122 6308
324 403 384 463 843
791 403 968 464 HONORII
990 403 1036 464 111
1057 403 1205 464 OPERA.
1221 431 1262 447 ·-·
1277 401 1510 466 SERMONES.
1905 403 1983 462 -844

321 577 424 623 unum
445 562 559 624 vinum
582 559 734 634 conlinit,
759 561 808 625 lta
828 578 948 640 corpus
970 563 1116 636 Domini,
1171 565 1389 638 camertem,
1405 561 1679 626 martcmaaaem
1690 561 1812 624 aricia
1827 559 1982 623 Humilis

321 660 408 738 qnod
423 661 464 722 de
479 659 617 736 Virgine
638 659 788 738 sumpsit,
814 675 857 723 ex
879 659 992 724 multis
1013 676 1119 722 mem·
1172 660 1698 740 enimtuitquiaaaamiasarraa
1706 663 1771 720 Dei
1784 660 1886 732 essct,
1904 674 1982 722 aaa

320 755 391 818 bris
405 759 497 835 puris
513 757 554 818 ab
565 757 654 819 omni
668 758 795 835 peccati
812 758 942 820 macula
955 759 1116 820 immuni·
1171 763 1335 834 rapinam
1355 759 1546 821 arbitratus
1558 758 1611 820 est
1624 773 1699 820 esse
1711 763 1877 832 aasabim
1886 761 1978 829 Deo,

321 854 382 916 bus
405 856 566 917 consistit.
592 856 694 917 Totus
717 856 804 916 enirn
827 857 977 918 Christus
991 858 1042 919 est
1056 855 1117 917 suh
1170 860 1231 919 sed
1244 859 1466 931 seawitpsara
1480 857 1687 929 eoeiaaaiait,
1707 858 1859 930 soranam
1874 859 1980 918 servi

322 953 1117 1031 speciopanis,ettotussubspecievini.1nhis
1171 958 1342 1030 accipiens
1368 955 1402 1018 et
1425 954 1542 1016 habita
1562 955 1724 1016 inventas
1746 955 1787 1016 at
1808 959 1923 1017 borna.
1950 957 1977 1016 O

320 1052 431 1112 autern
453 1049 580 1112 duobus
605 1066 641 1112 se
663 1052 738 1113 ideo
758 1051 858 1124 dedit,
875 1053 912 1114 ut
930 1052 1117 1114 ostenderet
1171 1053 1414 1116 inaestimabilis
1444 1053 1586 1131 Spiritus
1627 1052 1740 1114 Sancti
1782 1053 1975 1124 humilitas,

320 1164 357 1208 se
369 1149 470 1210 totam
484 1149 638 1210 naturam
649 1149 840 1222 humanam,
849 1149 944 1224 idest,
953 1166 1073 1228 corpus
1085 1151 1119 1212 et
1172 1167 1246 1228 quae
1261 1167 1328 1213 non
1344 1151 1525 1214 secundum
1539 1163 1640 1228 opera
1655 1166 1728 1228 qum
1740 1149 1882 1212 fecimus
1895 1165 1976 1222 nos,

320 1246 466 1306 animam
481 1247 713 1322 assumpsisse,
736 1247 771 1310 ut
786 1247 960 1326 utrumque
974 1248 1119 1310 redime-
1172 1249 1230 1310 sed
1254 1249 1432 1310 secundum
1456 1264 1551 1310 suam
1574 1247 1836 1310 misericordiam
1858 1247 1978 1310 salvos

318 1343 381 1404 ret.
407 1344 508 1405 Panis
530 1359 610 1420 ergo
631 1344 673 1406 ed
695 1360 814 1422 corpus
836 1347 989 1420 retertur,
1003 1347 1117 1408 vinum
1173 1362 1234 1408 nos
1247 1347 1325 1409 tecit
1348 1350 1397 1409 lO
1418 1347 1528 1411 Patris
1549 1347 1709 1427 potentin,
1729 1362 1802 1424 quae
1816 1359 1879 1423 per
1894 1363 1978 1408 oru-

318 1441 361 1502 ad
382 1441 540 1514 enimam,
557 1443 635 1519 qnia
649 1443 762 1504 vinum
787 1444 984 1521 sanguinem
999 1459 1118 1522 opera·
1173 1461 1244 1506 cem
1268 1445 1396 1508 hostem
1418 1445 1605 1523 improbum
1629 1445 1811 1522 superavit!
1842 1446 1868 1505 O
1893 1441 1977 1506 Filii

319 1538 423 1602 turin
438 1554 503 1616 quo
518 1539 613 1600 sedes
628 1541 748 1602 animae
766 1557 785 1602 a
804 1540 952 1619 physicis
974 1558 1048 1604 esse
1066 1543 1118 1604 di·
1173 1544 1347 1622 sapientia,
1362 1560 1436 1622 quse
1446 1543 1487 1606 ad
1499 1543 1608 1606 crucis
1620 1543 1766 1621 stipitem
1780 1542 1976 1620 serpentem

319 1636 417 1698 citur.
432 1635 508 1698 Ideo
525 1651 604 1713 ergo
625 1637 661 1698 in
682 1638 811 1700 duabus
830 1640 1003 1717 speciebus
1028 1642 1118 1702 aele-
1172 1643 1327 1704 callidum
1350 1643 1514 1719 alligavit!
1540 1645 1566 1703 0
1590 1641 1732 1720 Spiritus
1754 1641 1869 1702 Sancti
1898 1641 1976 1717 pie-

318 1730 436 1795 bratnr
467 1733 530 1796 hoc
564 1737 832 1810 Sacramentum,
865 1739 902 1799 ut
931 1740 1051 1800 animae
1084 1741 1116 1801 et
1170 1743 1233 1813 tas,
1255 1757 1328 1818 qnae
1350 1741 1386 1801 in
1406 1757 1504 1802 cruce
1525 1740 1666 1802 crimina
1690 1739 1805 1801 nostra
1827 1738 1974 1800 lavittO

319 1831 468 1908 corporis
489 1834 655 1910 susceptio
679 1835 834 1896 credatur
852 1835 887 1896 in
910 1837 1060 1909 Christo,
1083 1837 1116 1898 et
1171 1839 1296 1915 lignum
1312 1838 1468 1907 salutare,
1485 1838 1520 1899 in
1534 1855 1599 1916 quo
1613 1838 1704 1899 salus
1720 1837 1833 1899 nostra
1847 1851 1975 1914 pepen-

317 1929 801 2006 utriusqueliberatioinnobis
812 1933 1115 2012 agamemnonis
1171 1937 1237 1998 diti
1252 1940 1278 1998 0
1291 1936 1391 1998 arhor
1408 1936 1579 1998 fructifera
1595 1952 1638 1997 ex
1661 1951 1726 2014 qua
1747 1933 1872 1996 tructus
1889 1934 1972 1996 vitae

317 2041 377 2103 per
390 2041 510 2104 corpus
523 2043 663 2105 corpora
679 2030 830 2092 Christus
842 2031 993 2106 redemit,
1010 2033 1044 2095 et
1057 2047 1117 2109 per
1170 2035 1371 2113 percipitur!
1388 2038 1413 2096 0
1429 2035 1539 2114 palma
1553 2034 1713 2106 victoriae,
1730 2047 1772 2094 en
1784 2047 1850 2109 qua
1863 2032 1890 2092 ii
1910 2033 1970 2108 qui

317 2123 462 2184 animam
475 2125 604 2186 animas
619 2125 787 2189 liberavit.
1170 2133 1205 2194 in
1218 2133 1326 2196 stadio
1340 2134 1490 2206 currunt,
1513 2132 1610 2194 modo
1631 2131 1844 2203 coronantur,
1865 2131 1900 2192 et
1914 2145 1973 2191 ac·

357 2222 503 2283 Tertium
515 2223 779 2286 estconsecratio
792 2225 993 2289 chrismatis.
1006 2227 1116 2290 Chris·
1170 2232 1297 2308 cipiunt
1311 2231 1456 2308 palmasi
1474 2232 1553 2304 Quis
1563 2230 1652 2291 enim
1667 2243 1808 2308 pensare
1822 2227 1971 2289 sufficiat

316 2319 693 2383 macontlciturexoleo
708 2321 908 2386 etbalsamo.
926 2328 991 2386 Per
1005 2326 1113 2388 oleum
1170 2331 1302 2407 quantae
1327 2328 1523 2391 humilitatis
1553 2325 1663 2400 tuerit,
1694 2325 1780 2404 quod
1804 2325 1968 2387 Dominus

317 2415 464 2478 charitas
487 2417 703 2494 intelligitur,
727 2421 804 2497 quia
827 2421 913 2484 sicut
931 2422 1041 2484 oleum
1058 2441 1116 2485 su·
1170 2427 1245 2490 coeli
1260 2429 1294 2490 et
1303 2428 1402 2490 terrae
1424 2442 1525 2489 carne
1543 2425 1676 2487 mortali
1704 2423 1798 2485 indui
1812 2424 1919 2485 voluit
1934 2425 1970 2485 et

316 2514 471 2590 pernatat
494 2515 662 2576 universis
682 2515 883 2594 liquoribus,
906 2518 953 2580 ita
968 2520 1114 2582 charitas
1155 2521 1329 2602 'crucifigi
1344 2527 1376 2588 et
1386 2526 1524 2587 mortem
1539 2524 1745 2601 corporalem
1755 2521 1844 2599 petii

316 2611 439 2672 eminet
454 2611 619 2674 universis
633 2615 822 2676 virtutihus.
848 2615 941 2678 Unde
964 2619 1112 2679 Paulus:
1210 2627 1247 2686 In
1262 2623 1414 2686 omnihus
1433 2622 1589 2684 membris
1614 2621 1684 2682 suis
1706 2635 1823 2698 passus
1843 2619 1905 2692 est,
1930 2620 1968 2680 ut

314 2711 560 2782 Majoraatcm
583 2715 636 2773 his
659 2712 711 2774 est
732 2715 896 2776 charitas.
920 2717 985 2776 Per
998 2715 1113 2778 balsa-
1168 2724 1282 2785 nostra
1297 2737 1373 2785 ossa
1385 2720 1567 2799 repararet,
1583 2719 1618 2782 et
1634 2721 1669 2779 in
1689 2719 1742 2780 his
1762 2719 1873 2779 minen
1888 2733 1966 2780 om-

315 2823 405 2868 mam
418 2807 500 2870 tides
517 2808 719 2886 designatur,
737 2811 825 2889 quia,
843 2813 928 2876 sicut
942 2814 1023 2876 odor
1036 2815 1112 2876 hal·
1168 2821 1266 2882 nibus
1281 2820 1416 2898 peccata
1429 2820 1553 2891 nostra,
1567 2817 1665 2886 idest,
1676 2831 1806 2894 paenam
1815 2815 1968 2894 peccato-

315 2905 512 2969 semilatius
530 2907 725 2970 diffunditur
738 2910 868 2972 caeteris
882 2911 1049 2986 odoribus,
1066 2913 1113 2977 ita
1168 2935 1242 2980 rum
1269 2919 1458 2980 nostrorum
1488 2915 1624 2994 pertulit
1655 2915 1691 2976 in
1725 2929 1864 2990 corpore
1891 2928 1963 2974 suo.

316 3002 397 3064 fides
411 3004 532 3066 Christi
545 3005 698 3066 omnibns
710 3007 888 3071 virtutibus
903 3026 962 3086 per
976 3011 1114 3073 univer·
1167 3017 1264 3089 Nam,
1284 3017 1361 3094 quia
1381 3017 1452 3094 ipse
1468 3015 1639 3091 ingressus
1654 3016 1705 3074 est
1719 3011 1879 3072 mundum
1892 3011 1966 3071 sine

316 3117 390 3162 sum
406 3101 518 3164 orbem
536 3102 688 3165 diilhsius
710 3104 877 3168 dilatatur.
901 3108 1114 3185 UndeApos·
1167 3115 1309 3187 macula,
1335 3115 1368 3177 et
1393 3113 1563 3191 peccatum
1584 3127 1652 3174 non
1674 3110 1762 3183 tecit,
1785 3125 1847 3170 nec
1868 3109 1965 3170 dolus

315 3199 427 3260 tolus:
446 3203 549 3262 Fides
572 3203 690 3264 vestra
705 3205 936 3266 annuntiatur
948 3210 1113 3270 aniverso
1166 3213 1322 3274 inventus
1345 3211 1396 3272 est
1423 3212 1459 3271 in
1481 3226 1537 3272 ore
1557 3211 1646 3288 ejus,
1672 3207 1825 3286 princeps
1849 3205 1964 3268 mundi

314 3299 443 3358 masida
459 3295 568 3376 (Rom.
585 3313 608 3370 r,
624 3296 670 3378 8).
688 3301 753 3361 Per
773 3300 976 3364 ablutionem
991 3304 1112 3381 pedum
1166 3309 1266 3387 hujus
1281 3325 1347 3371 non
1362 3307 1479 3370 hahuit
1493 3308 1526 3368 in
1543 3323 1582 3370 eo
1597 3305 1787 3384 quidquam.

314 3393 491 3472 implemus
506 3395 588 3457 illud
608 3397 694 3473 qnod
709 3399 868 3461 Dominus
883 3402 1034 3481 praecipit
1045 3419 1111 3466 no·
1205 3408 1283 3468 Tria
1306 3408 1383 3470 sunt
1405 3423 1479 3484 quae
1511 3406 1647 3482 peccata
1669 3401 1858 3465 redimunt:
1882 3416 1963 3462 vera

312 3493 387 3554 bis:
412 3498 622 3568 Eaampiam
639 3498 717 3557 dedi
742 3501 836 3560 abbis
856 3500 896 3560 at
925 3501 960 3562 ct
982 3515 1043 3562 aas
1061 3503 1112 3564 iia
1165 3504 1368 3578 innocentia,
1381 3505 1530 3566 districta
1551 3501 1757 3580 poenitentia,
1773 3499 1963 3561 voluntaria

312 3593 460 3666 faciatis.
477 3594 542 3653 Per
563 3591 776 3656 reiectionem
798 3595 888 3657 aliud
911 3599 1110 3675 praeoeptum
1165 3603 1386 3682 eleemosyna.
1395 3603 1430 3664 Si
1438 3603 1494 3680 qui
1505 3599 1687 3679 pudibundi
1698 3599 1775 3660 sunt
1783 3599 1815 3659 et
1825 3598 1962 3675 peccata

313 3689 446 3750 Domini
469 3689 700 3766 adimplemus,
717 3707 782 3768 quo
803 3693 906 3756 dixit:
923 3696 1004 3757 Date
1019 3697 1110 3758 elee-
1165 3717 1225 3764 sua
1240 3705 1369 3779 majora
1390 3701 1423 3762 et
1435 3701 1567 3761 minora
1585 3696 1738 3760 confiteri
1750 3694 1960 3768 erubescunt,

312 3801 495 3863 mosynam,
505 3786 538 3848 θῒ
552 3787 663 3848 omnia
682 3788 805 3850 munda
820 3791 897 3852 sunl
907 3791 1002 3853 iobis
1014 3791 1106 3873 (Luc.
1164 3798 1336 3861 attendant
1349 3797 1568 3874 ignominiam
1589 3796 1709 3868 ornate,
1731 3811 1830 3872 quam
1845 3793 1962 3854 Domi-

310 3892 358 3954 ¹¹2
372 3881 438 3963 41)·
1163 3913 1227 3958 nus
1254 3895 1402 3957 humeris
1435 3895 1506 3956 suis
1533 3893 1689 3972 portavit,
1723 3893 1756 3954 et
1781 3891 1813 3954 ei
1839 3905 1960 3968 corpus

1163 4011 1260 4056 suum
1294 3993 1335 4055 ab
1373 3994 1464 4056 omni
1499 3991 1634 4071 peccato
1669 3991 1815 4052 immune
1841 3989 1958 4061 affixit,

646 4080 774 4170 XXIV
1163 4090 1729 4170 mortetnrpissimacondemnatus,
1745 4086 1960 4165 utperillam

873 4229 876 4236 -
1162 4191 1418 4267 ignominiosam
1429 4187 1692 4251 erubescentiam
1706 4186 1852 4248 nostram
1867 4199 1961 4246 sane·

494 4285 540 4348 ΙΝ
561 4287 631 4348 DIE
652 4287 939 4352 Pnnlschvsit.
1161 4304 1247 4361 mur,
1265 4289 1297 4351 et
1315 4287 1450 4366 peecata
1475 4285 1589 4347 nostra
1608 4283 1823 4346 abducentem
1839 4283 1871 4345 et
1886 4298 1959 4344 cum

1161 4385 1291 4448 latrone
1311 4385 1509 4464 pendentem
1530 4383 1565 4444 in
1585 4397 1683 4444 cruce
1706 4395 1905 4444 veneremur
1928 4379 1960 4442 et

348 4481 505 4545 Christus
529 4483 723 4545 humiliavit
750 4486 974 4559 semetipsam
996 4488 1107 4561 factas
1162 4483 1351 4546 adoremus.

307 4583 466 4642 abediens
488 4595 596 4655 aspae
619 4583 663 4642 aa
685 4584 845 4656 mortem,
868 4586 1018 4646 mortem
1037 4600 1106 4648 aa·
1203 4582 1357 4644 Suntalii
1371 4579 1505 4659 superbi
1516 4579 1573 4657 qui
1586 4579 1721 4657 peecata
1732 4593 1793 4638 sna
1808 4575 1957 4639 confiteri

307 4679 377 4740 teia
387 4681 500 4741 crucis
516 4677 653 4757 (Philip.
668 4694 704 4752 11,
721 4677 767 4758 3).
1161 4680 1394 4756 dedignantur,
1411 4681 1443 4742 et
1454 4679 1612 4756 tanquam
1623 4692 1754 4754 semper
1767 4675 1956 4753 peccatores

347 4776 440 4838 Inter
451 4776 572 4838 caetera
584 4794 657 4855 quae
670 4778 829 4840 Dominus
842 4781 940 4841 lesus
955 4780 1105 4843 Christus
1160 4776 1326 4849 laetantur,
1339 4793 1439 4854 quum
1452 4777 1538 4838 male
1553 4775 1703 4846 iecerint,
1721 4775 1754 4836 et
1768 4772 1957 4835 exaltantur

305 4872 439 4935 virtutis
454 4875 605 4952 exempla
621 4875 831 4939 credentibus
845 4878 1001 4952 ostendit,
1023 4895 1107 4957 qua-
1160 4875 1194 4935 in
1210 4873 1308 4935 rebus
1321 4875 1485 4952 pessimis.
1511 4874 1564 4946 Hi,
1587 4873 1615 4934 si
1635 4871 1756 4934 Filium
1779 4871 1839 4933 Dei
1854 4885 1955 4946 usque

304 4971 384 5032 tuor
395 4972 615 5049 spiritualiter
627 4973 778 5046 virtutes
795 4976 947 5038 omnibus
964 4993 1106 5053 genera·
1147 4963 1200 5033 'ad
1216 4972 1355 5034 mortem
1374 4970 1585 5032 humiliatum
1608 4969 1790 5042 attendant,
1810 4969 1844 5029 et
1857 4967 1955 5046 hujus

307 5068 385 5130 liter
412 5069 585 5146 proposuit
616 5070 658 5130 ad
694 5073 892 5148 exemplum,
925 5074 1103 5138 videlicet:
1158 5070 1235 5132 vitae
1251 5069 1526 5143 horambrevem
1543 5070 1576 5130 et
1593 5069 1692 5130 Geltae
1706 5067 1825 5128 mOPtiS
1839 5066 1953 5127 ῘΠΘΘΓ·

305 5165 545 5240 Humilitatem,
582 5167 788 5245 patientiam,
823 5167 1044 5234 obedientiam
1073 5174 1105 5235 et
1157 5169 1225 5229 tarn
1252 5167 1367 5229 horam
1412 5166 1611 5244 intelligant,
1645 5166 1679 5227 et
1712 5164 1769 5242 qni
1804 5163 1954 5239 exemplo

306 5262 515 5338 charitatem,
527 5280 620 5342 quas,
633 5281 677 5327 ex
687 5267 865 5344 propositis
877 5269 1105 5346 verbisApos-
1158 5265 1281 5328 Christi
1296 5265 1418 5341 corrigi
1433 5266 1612 5339 noluerint,
1629 5264 1748 5326 saltem
1762 5263 1867 5323 morte
1881 5263 1952 5338 ejus

304 5363 376 5435 toli,
392 5363 515 5439 inipso
537 5362 641 5424 inisse
663 5365 878 5440 singulariter
890 5365 1103 5430 considerare
1158 5363 1326 5441 perterriti
1350 5363 1572 5438 corrigantur,
1603 5363 1640 5424 ut
1662 5377 1737 5422 cum
1762 5359 1954 5421 centurione

305 5461 472 5523 debemus.
499 5459 678 5522 Humilitas
698 5462 786 5522 enim
806 5464 1054 5527 commendatur
1068 5465 1102 5526 in
1157 5462 1293 5524 dicant:
1316 5465 1401 5523 Vere
1424 5465 1533 5522 Filias
1555 5464 1620 5522 Dei
1643 5460 1721 5522 crat
1746 5459 1809 5520 aa
1822 5454 1953 5535 (Matth.

304 5573 345 5620 eo
361 5557 446 5637 quod
464 5557 534 5620 ait:
558 5559 766 5620 Haraiiiaait
792 5563 1025 5636 saawtipsara.
1043 5565 1103 5624 Pa·
1157 5575 1265 5631 xxva,
1281 5556 1346 5638 54).

304 5657 434 5728 tientia,
452 5655 641 5718 obedientia
660 5657 692 5718 et
707 5655 1102 5725 charitascommendan-
1198 5659 1280 5720 Sunt
1304 5657 1361 5720 alii
1388 5656 1445 5734 qai
1466 5655 1646 5732 gravedine
1661 5655 1871 5732 peccatorum
1888 5650 1953 5712 tere

303 5755 404 5817 turin
425 5755 564 5833 eoquod
584 5755 653 5820 ait:
680 5756 807 5819 Facito
821 5760 977 5821 obediens
996 5775 1101 5835 aspare
1157 5756 1293 5820 omnino
1315 5754 1497 5834 desperati3
1530 5753 1563 5814 hi
1587 5769 1661 5815 cum
1693 5751 1868 5828 discipulis
1900 5748 1952 5826 qni
