3992 6380
577 379 783 468 nonnum
804 377 1021 440 rusciolus
1041 377 1203 448 nourrn.

85 537 369 618 ordinetemporls,
386 537 434 600 ita
451 537 601 602 Christus
623 538 685 602 fuit
700 539 811 618 justus
831 537 863 599 et
958 538 1133 616 Sequitur:
1153 541 1192 602 Si
1211 535 1397 600 veritatem
1416 539 1501 612 dico,
1521 551 1709 612 quereres

35 700 36 708 ,
83 637 264 718 patientiam
292 636 405 698 docuit
436 636 636 699 excellentia
663 635 859 700 sanctitatis.
916 651 985 696 nou
1002 637 1143 698 creditis
1160 638 1272 697 minii
1287 635 1433 708 Quatuor
1453 636 1530 696 suut
1552 651 1625 712 quae
1644 635 1709 696 im-

82 735 154 798 Abel
166 733 282 796 obtulit
296 749 417 810 agnum
432 735 504 795 sine
518 735 660 806 macula,
671 735 703 796 θῖ
712 733 860 796 Christus
916 732 1061 808 pediunt,
1077 749 1119 794 ιιθ
1133 733 1284 794 homines
1299 731 1435 794 credant
1452 733 1595 804 veritati,
1616 733 1649 794 et
1664 749 1707 794 ne

82 831 189 894 obtulit
201 847 260 907 pro
274 830 369 892 nobis
382 831 418 892 in
433 847 530 892 cruce
550 847 670 908 corpus
685 847 781 894 suum
796 831 862 892 im·
915 831 1066 904 audiant,
1094 831 1189 904 idest,
1216 829 1406 906 intelligant
1431 830 1464 892 et
1486 845 1585 908 opere
1611 846 1705 892 com-

80 927 269 990 maculatum
284 928 320 990 in
335 929 510 990 sacrificio.
528 929 714 990 Secundum
729 929 861 990 morali·
914 928 1026 1005 pleant
1050 927 1185 990 verbum
1211 928 1281 999 Dei,
1308 927 1481 989 videlicet:
1511 927 1706 988 deliciarum

78 1026 171 1086 tatem
197 1040 258 1086 nos
286 1024 442 1086 debemus
471 1025 592 1088 afferre
627 1025 709 1088 duos
742 1039 857 1102 agnos,
914 1024 1102 1098 affluentia,
1133 1023 1324 1086 divitiarum
1356 1024 1505 1098 fallacia,
1534 1025 1704 1086 saecularis

78 1137 171 1182 unum
185 1136 283 1182 mane
302 1122 336 1183 et
355 1123 496 1184 alterum
513 1137 663 1200 vespera,
683 1123 780 1195 idest,
797 1122 860 1184 du·
914 1139 1004 1196 cura,
1025 1124 1059 1185 et
1071 1123 1280 1200 peccatorum
1298 1122 1472 1184 multitudo
1491 1123 1543 1183 vel
1564 1122 1704 1184 malitia.

76 1219 187 1296 plioem
220 1219 466 1296 innocentiam:
500 1235 598 1282 mane
636 1221 669 1283 et
701 1236 856 1298 vespere,
952 1220 1151 1282 Deliciarum
1178 1219 1350 1282 attinentia
1372 1219 1509 1296 impedit
1537 1219 1705 1280 bominem

75 1315 315 1392 destruendis,
324 1317 358 1377 in
372 1318 591 1395 prosperitate
604 1319 636 1381 et
646 1318 856 1380 adversitate.
911 1334 955 1380 ne
978 1317 1142 1394 intelligat
1154 1316 1292 1380 verbum
1315 1317 1386 1389 Dei,
1407 1316 1496 1394 quia,
1519 1316 1605 1377 sicut
1625 1314 1706 1380 dicit

108 1412 273 1474 iustitiam
284 1413 659 1478 debemuscousiderare
669 1415 704 1476 in
715 1414 855 1488 Christe,
912 1416 1155 1494 Hieronymus:
1181 1433 1200 1478 ι
1221 1414 1359 1492 Pinguis
1382 1416 1498 1476 venter
1518 1429 1584 1474 non
1598 1413 1705 1489 gignit

73 1509 144 1585 guia
151 1510 223 1586 ipse
233 1510 361 1572 nullum
369 1513 493 1574 malum
503 1514 638 1576 dimittit
646 1513 855 1591 impunitum,
911 1513 1044 1576 tenuem
1059 1529 1203 1588 sensum,
1218 1513 1251 1575 et
1264 1513 1362 1574 bomo
1377 1511 1503 1574 ventris
1519 1510 1609 1587 pleni
1630 1510 1705 1589 plus

72 1607 102 1667 et
112 1605 237 1668 nullum
250 1607 373 1669 bonum
388 1608 676 1672 irremuneratum.
696 1610 789 1672 Unde
802 1610 855 1670 le·
911 1612 1006 1673 curat
1026 1611 1067 1672 de
1081 1610 1290 1688 adimplenda
1305 1609 1473 1686 voluptate
1488 1623 1557 1668 suae
1579 1607 1702 1679 carnis,

70 1703 171 1778 gimus
181 1704 218 1764 in
232 1705 356 1779 Exodo,
373 1707 459 1785 quod
473 1707 632 1769 Dominus
650 1707 857 1785 praecedebat
911 1724 1009 1784 quam
1024 1708 1064 1770 de
1079 1707 1289 1786 adimplenda
1301 1706 1471 1768 voluntate
1490 1705 1560 1766 Dei.
1575 1719 1593 1764 ι
1609 1703 1703 1764 Unde

69 1802 220 1876 populum
248 1804 352 1864 lsrael
383 1807 599 1881 pernoctem
631 1806 667 1866 in
702 1805 855 1868 columna
909 1807 1042 1883 Moyses
1063 1805 1098 1866 in
1119 1805 1248 1867 cantico
1269 1801 1516 1866 Deuteronomii
1531 1819 1539 1856 ε
1556 1805 1703 1878 Pinguis

69 1897 161 1972 iguis,
183 1899 218 1961 et
233 1915 294 1976 per
309 1900 395 1962 diem
423 1901 459 1962 in
479 1902 632 1964 columna
652 1902 761 1964 nubis.
790 1905 855 1964 Per
907 1903 1019 1978 facins
1038 1904 1090 1966 est
1115 1903 1148 1965 et
1171 1902 1397 1974 incrassatus,
1422 1899 1456 1962 et
1478 1899 1651 1970 diodotus,
1667 1897 1702 1960 et

68 1995 192 2054 noctem
220 1995 437 2072 designantur
461 1997 586 2074 iniqui,
615 2000 649 2061 et
675 2015 735 2076 per
766 1998 853 2060 diem
907 2001 1087 2074 dereliquit
1100 2005 1222 2072 Deum,
1239 2001 1298 2074 uui
1311 1999 1391 2074 feeit
1404 2013 1494 2070 enm,
1511 1997 1545 2058 et
1558 1995 1702 2058 recessit

62 2091 151 2165 justi.
174 2092 268 2154 Unde
295 2095 492 2170 Apostolus:
518 2098 648 2158 inistis
669 2099 761 2158 euim
784 2099 852 2158 ali-
906 2113 929 2160 u
942 2102 1088 2160 Domino
1096 2099 1243 2160 sunium
1253 2111 1315 2160 suo
1328 2092 1438 2175 (Dent.
1451 2109 1560 2166 ιιιιιιιι,
1573 2091 1636 2174 15).
1651 2093 1701 2156 Ita

65 2191 196 2260 quondo
220 2191 380 2264 tenebrae,
396 2207 487 2254 nuno
507 2194 700 2256 antemium
720 2197 758 2256 in
778 2198 851 2256 Do·
906 2195 1032 2258 iaciunt
1045 2194 1144 2256 bodie
1158 2194 1263 2256 multi.
1782 2263 1786 2271 ,

64 2287 153 2346 mino
180 2283 278 2364 (pr.
298 2303 330 2360 ι,
353 2286 398 2367 8),
414 2288 512 2363 idest,
538 2289 648 2352 fuistis
674 2290 851 2369 aliquando
945 2292 1143 2354 Diuitiarum
1157 2291 1291 2354 fallacia
1305 2289 1442 2367 impedit
1456 2288 1635 2356 bominem,
1656 2301 1699 2346 ne

65 2379 179 2458 iniqui,
197 2399 285 2445 nunc
298 2385 378 2446 estis
393 2387 487 2462 justi.
504 2387 662 2450 Columna
686 2389 852 2464 significat
905 2390 1067 2468 compleat
1080 2389 1217 2450 verbum
1231 2389 1302 2457 Dei,
1316 2387 1405 2463 quia,
1421 2386 1499 2446 dum
1519 2384 1618 2446 bomo
1640 2399 1700 2444 su-

63 2477 238 2542 Cbristum.
255 2483 329 2558 Ipse
348 2484 398 2544 est
417 2483 569 2546 columna
591 2485 678 2561 ignis
697 2501 757 2562 per
771 2501 851 2548 noc·
905 2487 1013 2564 perbit
1025 2503 1084 2564 pro
1099 2485 1226 2548 divitiis
1240 2485 1294 2548 rel
1308 2471 1449 2545 confidit'
1462 2482 1497 2543 in
1518 2482 1579 2553 eis,
1602 2495 1700 2541 rece-

61 2575 134 2649 tem,
157 2579 238 2655 quia
256 2578 418 2641 terribilis
434 2581 486 2642 θεῖ
502 2581 647 2659 injustis,
668 2583 702 2644 et
724 2584 775 2644 est
788 2599 849 2645 co·
905 2583 953 2646 dit
965 2600 985 2646 a
995 2585 1134 2645 Domino
1147 2599 1204 2646 cor
1214 2584 1297 2660 ejus,
1310 2582 1343 2644 et
1354 2580 1431 2642 inde
1443 2577 1585 2640 incurrit
1594 2591 1697 2653 grave

59 2671 168 2734 lumna
185 2674 282 2736 nubis
294 2691 353 2753 per
367 2677 464 2750 diem,
480 2678 577 2752 idest,
593 2678 699 2742 dulcis
715 2682 749 2743 et
762 2697 850 2744 ama·
903 2681 1084 2757 peccatum.
1105 2679 1199 2742 Unde
1220 2678 1323 2740 David
1338 2693 1346 2736 ι
1364 2677 1501 2740 Prodiit
1524 2677 1623 2750 qnasi
1650 2687 1697 2735 eor

59 2767 132 2830 bilis
142 2772 257 2848 justis.
902 2781 1002 2851 odire
1023 2779 1188 2852 tritonidos
1206 2791 1327 2838 eorum
1346 2772 1414 2854 (Ps.
1440 2775 1490 2844 72,
1517 2769 1563 2851 7).
1586 2770 1696 2846 Adeps

94 2867 202 2929 Aliter
215 2873 415 2946 pernoctem
429 2873 593 2950 liguratur
605 2875 799 2949 adversitas,
816 2876 850 2939 et
902 2878 952 2937 est
964 2875 1123 2952 sagimen,
1148 2875 1182 2937 et
1200 2873 1366 2951 significat
1382 2868 1618 2932 abundantiam
1639 2867 1695 2928 di-

57 2978 112 3038 per
127 2965 218 3026 diem
233 2969 448 3045 prosperitas.
468 2972 618 3035 Christus
630 2974 681 3035 est
694 2974 847 3036 columna
901 2973 1067 3036 vittarum.
1081 2972 1183 3044 Quasi
1198 2987 1241 3032 ex
1254 2971 1350 3048 adipe
1363 2965 1512 3047 procedit
1523 2964 1694 3044 iniquitas,

55 3059 138 3135 ignis
154 3062 193 3122 iu
207 3065 320 3140 nocte:
337 3067 415 3144 quia
428 3068 596 3132 illuminat
611 3071 645 3133 et
658 3070 848 3134 consolatur
901 3070 1031 3147 quando
1046 3070 1145 3132 bomo
1166 3067 1334 3130 conlidens
1349 3066 1390 3128 de
1413 3065 1538 3128 divitiis
1558 3060 1657 3124 suist
1675 3092 1696 3106 -

54 3171 121 3230 nos,
145 3175 191 3220 ne
214 3161 406 3224 deficiamus
430 3165 466 3226 in
488 3165 713 3230 tribulatione.
730 3169 770 3231 nt
790 3185 848 3232 co-
900 3169 946 3232 oit
959 3168 1091 3246 aliquod
1106 3183 1207 3245 grave
1219 3166 1401 3244 peccatum.

53 3253 167 3318 lumna
186 3258 284 3319 nubis
297 3259 333 3320 in
349 3261 412 3333 die,
429 3263 507 3340 quia
522 3265 664 3342 protegit
684 3282 746 3328 nos
760 3269 793 3330 et
809 3267 847 3328 li·
941 3265 1117 3328 saeoularis
1136 3281 1216 3327 cura
1240 3262 1376 3340 impedit
1395 3277 1438 3322 ne
1461 3260 1560 3322 bomo
1580 3256 1695 3321 audiat

50 3348 141 3415 berat
156 3353 200 3414 ab
211 3355 330 3418 ardore
344 3359 632 3436 concupiscentiae.
898 3363 1035 3426 verbum
1049 3364 1120 3436 Dei,
1136 3363 1225 3439 quia,
1253 3361 1330 3423 dum
1349 3375 1407 3421 cor
1430 3362 1502 3436 ejus
1521 3357 1563 3418 ad
1589 3355 1693 3417 multa

85 3450 206 3526 Aliter,
223 3467 283 3528 per
294 3454 423 3516 noctem
438 3457 632 3534 designatur
643 3475 740 3536 poena
751 3462 846 3524 dam·
899 3459 1067 3533 dividitur,
1084 3475 1201 3538 parum
1221 3458 1344 3534 cogitat
1362 3456 1402 3517 de
1420 3459 1499 3518 Deo.
1516 3453 1609 3516 Unde
1626 3455 1694 3514 Do-

48 3547 215 3616 natorum,
227 3566 287 3626 per
298 3550 385 3612 diem
392 3553 679 3631 gloriajusiorum.
692 3558 843 3622 Christus
898 3557 1006 3618 minus
1022 3558 1056 3620 in
1077 3556 1277 3632 Evangelio:
1293 3553 1466 3616 Attendite
1481 3566 1524 3613 ne
1545 3565 1693 3628 graven-

46 3642 107 3704 erit
121 3644 289 3707 columma
304 3647 392 3724 iguis
406 3651 442 3710 in
464 3652 571 3722 nocte,
587 3654 665 3731 quia
681 3655 844 3720 comburit
897 3656 957 3717 tur
974 3659 1079 3718 cordo
1097 3655 1216 3718 nestro
1238 3657 1276 3714 in
1298 3655 1441 3724 crepulo
1468 3649 1502 3712 et
1526 3647 1691 3709 ebrietate

45 3738 182 3817 iniquos
196 3743 230 3802 in
245 3744 370 3806 aeterna
389 3747 612 3819 damnatione,
635 3750 768 3813 dicens:
789 3755 842 3817 lte
896 3754 929 3816 et
943 3757 1038 3816 curta
1049 3757 1152 3826 buius
1165 3752 1247 3814 oitce
1260 3753 1354 3830 (Luc.
1367 3763 1439 3819 ιιιιι,
1451 3744 1517 3825 34).

42 3840 218 3900 maledicti
231 3843 268 3901 tn
281 3845 396 3918 ignem
409 3845 591 3908 ceierunm.
607 3849 677 3910 ltrit
689 3851 842 3914 columna
935 3852 1151 3914 Peccatorum
1170 3847 1345 3912 multitudo
1372 3843 1510 3923 impedit
1530 3857 1572 3904 ne
1590 3841 1690 3902 bomo

44 3933 141 3994 nubis
175 3935 212 3997 in
247 3938 311 4010 die,
345 3941 423 4016 quia
447 3941 658 4018 refrigerabit
677 3949 783 4022 justos
805 3951 840 4010 in
895 3948 1009 4010 audiat
1019 3947 1156 4010 verbum
1168 3947 1239 4019 Dei,
1256 3946 1334 4022 quia
1348 3944 1424 4003 dum
1439 3940 1584 4019 peccatis
1602 3937 1691 4000 mul-

43 4031 171 4093 aeterna
197 4031 411 4109 beatitudine,
439 4037 574 4100 dicans:
596 4043 723 4116 Venite,
740 4049 841 4108 bene-
894 4043 937 4106 tis
952 4046 1119 4116 oneratur,
1138 4059 1268 4120 semper
1282 4042 1317 4102 in
1331 4039 1497 4101 deteriora
1518 4035 1687 4106 dilabitur,

41 4129 123 4188 dieti
137 4131 261 4192 Petris
274 4135 354 4204 mei,
366 4137 534 4208 percipite
548 4151 706 4214 reguum.
893 4141 958 4202 nisi
984 4156 1044 4218 per
1071 4139 1297 4218 poenitentiam
1322 4135 1499 4218 relevetur.
1531 4131 1625 4194 Unde
1652 4130 1688 4190 in

79 4225 232 4288 Gratiam
242 4228 364 4291 christi
374 4231 585 4294 considerare
595 4234 762 4310 debemus,
779 4254 839 4315 per
894 4239 977 4298 Osea
990 4238 1170 4315 propbeta:
1186 4237 1338 4311 Propter
1351 4233 1606 4296 multitudinem
1624 4231 1688 4289 iui-

38 4335 141 4394 quam
164 4323 269 4397 gratis
292 4325 418 4388 dimisit
440 4327 535 4389 nobis
559 4331 670 4392 omnia
690 4335 836 4410 peccata.
892 4335 1164 4409 oneraremur:
1177 4334 1432 4396 multitudinem
1445 4326 1687 4392 ameritteetnoe

39 4417 136 4480 Unde
163 4421 341 4483 Zacharias
365 4425 545 4501 propbeta:
561 4431 604 4489 In
618 4431 672 4490 die
699 4435 756 4492 diu
769 4433 838 4494 erit
893 4430 1000 4512 (Oseae
1015 4430 1121 4511 1x‚7).
1152 4481 1154 4484 .

34 4515 116 4586 sorus
135 4517 263 4591 potens
289 4522 406 4581 domni
432 4525 545 4583 David
569 4526 607 4585 in
631 4527 837 4592 ablutionem
932 4531 1106 4607 Sequitur:
1122 4532 1185 4598 (tut
1200 4529 1250 4592 est
1265 4543 1312 4592 eu
1330 4530 1412 4598 Deo,
1429 4526 1535 4586 verbe
1548 4523 1613 4584 Det
1626 4536 1687 4582 nn-

31 4615 261 4683 peeoatorum
276 4613 386 4693 (zach.
404 4633 478 4690 ιιιι,
496 4617 540 4697 1).
556 4621 642 4682 Fons
657 4625 772 4700 patens
787 4628 838 4689 est
890 4629 940 4688 dit
966 4626 1077 4706 (ioan.
1090 4643 1163 4700 v111,
1179 4625 1417 4707 tunsionibus
1434 4620 1591 4683 dicuntur
1611 4633 1685 4680 θεεθ

34 4706 202 4781 Christus,
223 4712 301 4787 quia
320 4711 443 4791 inipso
462 4717 513 4776 est
531 4717 638 4778 omnis
660 4721 779 4796 gratia,
804 4723 836 4785 et
890 4739 933 4784 ex
947 4726 1025 4796 Deo,
1033 4725 1066 4786 et
1079 4725 1138 4786 alii
1152 4741 1196 4786 θιι
1212 4724 1355 4786 diabolo.
1371 4720 1438 4784 Alii
1452 4719 1493 4780 de
1507 4717 1602 4790 coelo,
1625 4715 1685 4777 alii

33 4801 107 4878 ipse
124 4807 217 4883 patet
231 4808 383 4870 omnibus
396 4811 436 4870 ad
453 4827 488 4873 se
499 4813 720 4879 venientibus.
742 4821 835 4882 Unde
889 4820 929 4882 de
943 4821 1077 4882 mundo.
1102 4825 1223 4882 Omnes
1246 4837 1324 4882 vero
1346 4817 1527 4880 secundum
1550 4829 1685 4877 carnem

31 4898 107 4976 ipse
132 4903 183 4964 aii
204 4903 239 4964 in
263 4907 442 4983 Evangelio
460 4925 467 4964 τ
483 4913 576 4972 Eum
595 4916 654 4986 oni
674 4917 768 4976 veuit
791 4921 835 4979 ud
889 4917 1030 4980 dicimur
1045 4933 1118 4980 esse
1138 4918 1178 4980 de
1192 4919 1293 4980 terra.
1310 4919 1359 4978 Ex
1373 4919 1440 4978 Deo
1463 4914 1540 4976 sunt
1554 4912 1611 4990 qui
1627 4911 1683 4972 ia-

29 5011 88 5059 me
113 5015 186 5061 nou
206 5005 342 5076 ejiciam
363 5004 654 5084 forasticam,
681 5011 747 5091 37).
770 5015 834 5076 Ιεῖθ
888 5015 980 5078 ciunt
1011 5016 1214 5078 voluntatem
1244 5015 1316 5076 Dei.
1348 5013 1442 5078 Unde
1469 5013 1615 5074 ioannes
1648 5008 1683 5070 in

29 5096 82 5157 est
98 5095 175 5158 fons
188 5099 304 5174 patens
314 5100 427 5162 domui
441 5104 556 5176 David,
571 5105 668 5179 idest,
685 5109 833 5172 Ecclesia
888 5112 1034 5188 Epistola
1062 5114 1245 5174 canonica:
1281 5115 1354 5176 Nos
1383 5125 1429 5174 ere
1449 5113 1521 5170 Deo
1547 5121 1681 5169 sumus.

27 5192 160 5255 Christi
174 5195 208 5256 in
218 5195 387 5260 ablutione
400 5201 595 5276 peccatoris,
607 5204 684 5280 quia
697 5207 833 5270 mundat
886 5209 926 5270 Et
939 5209 1080 5270 iterum:
1101 5213 1164 5272 Vos
1183 5225 1229 5272 erc
1242 5213 1314 5272 Deo
1328 5209 1422 5277 estis,
1439 5207 1545 5279 (iiioit.

26 5303 91 5350 nos
107 5295 296 5368 apeccatis.
312 5295 404 5356 Unde
414 5299 560 5360 ioannes
570 5299 604 5360 in
614 5304 829 5380 Apocalypsi:
926 5309 976 5368 Ex
990 5307 1121 5369 diabolo
1142 5307 1229 5378 sunt,
1253 5305 1309 5385 qui
1329 5303 1455 5366 iaciunt
1476 5299 1680 5364 voluntatem

26 5389 95 5452 Qui
111 5391 236 5452 diremit
249 5407 313 5454 nos
327 5393 361 5453 et
371 5395 456 5456 iuvit
470 5410 533 5456 nos
548 5412 571 5458 a
582 5401 732 5471 peccetis
746 5417 830 5463 nos-
885 5402 1020 5466 diaboli.
1043 5403 1135 5467 Unde
1154 5403 1312 5466 Dominus
1331 5401 1366 5462 in
1381 5399 1561 5476 Evangelio
1580 5420 1588 5459 :
1616 5401 1679 5459 Vos

26 5485 99 5546 tris
122 5489 343 5564 insanguine
356 5505 419 5553 suo
440 5489 556 5570 (Apoc.
570 5508 593 5566 1,
614 5492 660 5573 ὅ).
684 5498 724 5559 ut
741 5498 830 5562 idem
884 5503 1049 5576 repaire
1068 5505 1198 5564 diodoto
1213 5501 1306 5572 estis,
1323 5501 1355 5562 et
1375 5501 1546 5561 desideria
1561 5495 1678 5570 notris

25 5583 61 5642 in
80 5584 830 5666 Epistola:SongntrJesnFiiitDeimnudot
884 5596 993 5658 vestri
1021 5597 1124 5658 onltts
1151 5598 1267 5671 faeere
1294 5593 1403 5675 (ioan.
1439 5607 1510 5663 ιιιι,
1539 5587 1604 5668 ll).
1629 5590 1676 5649 De

22 5697 92 5744 rios
109 5685 153 5743 nd
168 5688 261 5747 omui
276 5687 456 5761 iniquitute
476 5685 585 5767 (ioan.
608 5705 666 5764 vn,
683 5691 747 5771 46).
883 5693 967 5756 coelo
980 5693 1059 5756 sunt
1072 5692 1129 5771 qui
1143 5693 1291 5756 coelestia
1306 5690 1457 5768 diligunt,
1481 5689 1514 5750 et
1527 5685 1675 5750 coelestia
