3984 6292
293 315 354 379 ure
925 309 1101 384 ponenti
1118 309 1163 372 111
1178 308 1327 374 OPERA.
1737 355 1741 368 .
1857 325 1900 390 530

296 477 435 542 nimium
446 472 646 554 deliquisse:
663 468 875 552 postulabant
888 485 1019 550 quoque
1031 485 1094 534 ve-
1146 485 1220 534 cem
1235 470 1562 550 circumscriptiones
1573 488 1614 536 ac
1627 471 1726 540 serbe
1739 479 1899 558 complicare
1957 525 1958 560 f

294 579 397 650 niam,
415 577 448 638 et
459 589 589 638 omnem
604 572 777 634 decaetero
792 567 856 632 sibi
871 567 1091 634 obedientiam
1145 569 1198 632 rel
1212 585 1422 648 componere,
1432 571 1527 649 quasi
1536 571 1774 639 diffamatorum
1782 593 1901 655 quemn
1957 563 1958 576 ¹

296 677 475 740 observare
489 672 629 736 firmiter
637 669 894 748 spoponderunt
906 668 1091 748 Vinitaque
1145 668 1220 729 dem
1233 668 1421 739 criminum,
1435 670 1522 748 quod
1538 687 1644 750 nuper
1658 671 1797 746 Photius,
1810 677 1901 742 etnul

295 775 410 838 sedato
425 772 577 843 tumultu,
588 764 759 848 synodalis
771 769 932 830 tractatus
948 768 982 828 in
996 769 1092 830 tran-
1146 768 1180 828 to
1195 768 1273 830 ante
1287 767 1465 830 Dioscorus
1479 766 1568 832 fecit.
1577 769 1730 848 Quisquis
1743 788 1814 835 rere
1832 776 1901 842 enta

294 873 458 952 quillitate
490 868 672 947 processit:
689 867 747 928 sed
769 883 843 928 curn
868 868 999 944 tempus
1019 867 1091 943 jam
1140 863 1304 941 jactantia
1329 866 1363 927 et
1389 865 1530 928 audacia
1554 883 1634 928 usus
1647 866 1752 942 fuerit,
1768 871 1801 932 ut
1816 887 1902 936 secun
1957 901 1958 904 ¹

293 971 435 1034 instaret
449 967 642 1030 absolvendi
657 965 830 1045 synodum,
846 964 1013 1036 Pontifex,
1030 964 1092 1026 ha·
1146 962 1224 1024 dum
1238 962 1437 1026 Photiumet
1451 961 1656 1039 Dioscorum,
1679 965 1714 1028 in
1728 967 1900 1044 scriptisrel

293 1069 361 1132 bito
371 1085 446 1130 cum
462 1068 595 1128 centum
610 1065 642 1126 et
657 1063 770 1126 decem
784 1063 951 1141 episcopis
963 1061 1090 1124 utiliori
1146 1059 1375 1138 sinescriptis,
1394 1059 1535 1140 injurias
1553 1063 1713 1140 quasdam
1733 1067 1835 1128 contra
1854 1071 1899 1132 Se·
1957 1069 1958 1074 ’

295 1166 434 1229 consilio
468 1165 502 1228 in
534 1163 686 1226 eumdem
720 1177 852 1238 regem,
878 1161 935 1238 qui
971 1159 1089 1224 Eccle-
1145 1157 1219 1220 dem
1245 1159 1386 1236 primam
1404 1163 1438 1222 S.
1462 1161 1554 1224 Petri
1575 1161 1734 1240 principis
1758 1165 1901 1241 Apostolo-
1957 1141 1958 1182 Τ

294 1265 354 1328 siae
394 1264 556 1328 unitatem
597 1261 750 1324 scindere
789 1259 986 1331 attentavit,
1025 1273 1089 1322 ex-

293 1361 606 1426 communicationis
639 1359 840 1422 sententiam
875 1357 1022 1436 protulit,
1058 1355 1091 1418 et

294 1477 398 1541 usque
414 1461 454 1522 ad
471 1459 670 1536 condignam
683 1457 945 1522 satisfactionem
961 1455 1092 1518 senten·

1145 1272 1219 1318 rum
1234 1261 1375 1332 moveat,
1392 1259 1554 1336 aequalem
1570 1259 1603 1321 et
1616 1259 1764 1324 eamdem
1777 1264 1901 1340 quanilli
1957 1301 1958 1338 4

1145 1355 1453 1419 condemnationem
1475 1358 1620 1435 accipiat
1636 1355 1684 1436 (b)
1700 1358 1746 1420 :si
1764 1375 1832 1422 vero
1850 1362 1902 1438 quis

1145 1453 1902 1535 aliquaDeipotestatefruensrelpotens,pellere

1145 1553 1323 1616 tentaverit
1350 1554 1524 1631 praefatum
1546 1554 1744 1632 Apostolicae
1767 1555 1903 1620 catione

292 1557 634 1637 tiamipsamtirmiter
642 1555 814 1618 observari
822 1553 989 1633 praecepit.
998 1551 1090 1626 Quod

293 1674 401 1736 nequa
416 1655 692 1734 reprehensibile,
701 1670 763 1716 nec
778 1669 900 1716 novum
914 1650 961 1731 (t)
978 1651 1019 1714 ab
1031 1651 1092 1716 ali·

293 1771 358 1834 quo
375 1751 533 1816 aestimari
555 1751 651 1812 debet
673 1765 772 1812 :cum
790 1765 809 1812 a
832 1751 1005 1812 santorum
1020 1752 1090 1812 Pa-

292 1856 380 1916 trum
402 1849 630 1914 sanctionibus
642 1848 778 1912 minime
790 1848 1006 1925 discreparet,
1024 1849 1091 1910 eta

291 1950 441 2029 pluribus
466 1949 625 2014 Romanis
656 1946 872 2010 Pontificibus
899 1947 962 2016 hoc
981 1946 1090 2024 ipsum

293 2049 393 2112 etiam
404 2063 464 2125 pro
479 2045 664 2108 minoribus
683 2043 795 2107 causis
816 2043 1004 2120 reperiatur
1018 2043 1091 2109 fac-

295 2147 378 2210 tum.

335 2247 367 2308 6,
379 2246 416 2305 ln
425 2241 686 2304 chalcedonensi
697 2239 1000 2317 namqueconoilio,
1011 2255 1093 2318 prae·

298 2341 448 2404 sentibus
456 2339 625 2402 sexcentis
636 2337 686 2418 (o)
697 2338 871 2416 episcopis,
883 2339 924 2402 de
934 2338 1092 2400 Dioscoro

298 2437 525 2502 Alexandrino
541 2437 589 2500 sic
604 2437 747 2512 legitur:
765 2435 953 2508 «Quoniam
966 2451 1026 2514 per
1039 2452 1095 2496 se-

298 2536 441 2600 cundum
449 2551 621 2596 excessum
630 2534 774 2611 priorem
782 2533 989 2611 iniquitatem
997 2533 1093 2599 valde

294 2633 501 2698 transcendit
516 2629 789 2712 (praesumpserat
801 2631 890 2692 enim
907 2647 1094 2692 excommu-

296 2731 476 2798 nicationis
497 2730 695 2792 sententiam
722 2745 823 2806 supra
847 2729 1093 2792 sanctissimum

297 2834 422 2909 Papam
438 2833 580 2892 Leonem
596 2825 735 2906 dictare)
748 2827 1095 2890 Anatoliusconstan-

295 2928 495 3007 linopolicus
521 2925 808 3004 episcopusdixit,
838 2927 972 3003 propter
996 2925 1093 2986 fidem

297 3044 363 3090 non
379 3028 430 3089 est
446 3025 653 3088 damnandus
667 3024 923 3096 Dioscorus,sed
935 3023 1013 3101 quia
1028 3039 1092 3084 ex·

298 3123 632 3187 communicationem
652 3121 730 3183 fecit
751 3121 884 3184 domino
908 3120 1095 3198 archiepis·

298 3239 381 3300 copo
396 3221 511 3284 Leoni.
530 3238 549 3281 n
569 3219 735 3296 Numquid
752 3218 798 3280 ibi
810 3218 933 3295 legitur
952 3217 1095 3296 inquisi-

295 3322 420 3384 tionem
443 3319 564 3382 factam
584 3319 689 3380 finisse
708 3319 819 3384 utrum
844 3319 946 3394 juste,
971 3333 1014 3378 an
1040 3317 1095 3378 in-

292 3421 395 3496 juste,
425 3419 605 3480 Dioscorus
632 3415 938 3478 excommunicatus
957 3414 1095 3479 fuissett

295 3519 371 3582 Non
386 3517 500 3594 utique
516 3514 595 3577 :sed
611 3515 697 3589 idae,
713 3513 792 3592 quia
811 3530 885 3577 cum
899 3513 986 3576 esset
1002 3512 1094 3576 infe-

294 3617 367 3678 rior
375 3618 515 3677 conatus
524 3615 576 3674 est
583 3616 742 3690 mm'orem
751 3611 1094 3690 quibuslibetinjuriis

297 3713 521 3776 lacescereln
537 3711 653 3772 octaua
668 3710 780 3787 itaque
790 3710 916 3786 synodo
929 3709 1017 3772 inter
1027 3725 1095 3772 cae·

216 3839 218 3844 v
296 3807 1096 3885 teraitalegitur:eDednivinusneminempron

300 3923 357 3968 sus
372 3905 486 3968 mundi
496 3905 694 3981 portentum,
707 3919 905 3982 quemquam
913 3921 1028 3968 eorum
1036 3906 1094 3984 qui

296 4000 717 4084 patriarchalibussedibus
724 4005 871 4080 praesunt
879 4003 1092 4078 inhonorare,

212 4147 214 4152 ι
297 4105 355 4170 aut
369 4118 389 4164 a
403 4101 537 4180 proprio
561 4101 682 4164 throno
711 4101 891 4178 expellere,
919 4102 977 4164 sed
1003 4102 1094 4166 omni

297 4201 476 4266 honoreac
490 4199 681 4262 reverentia
696 4199 714 4260 d
719 4199 815 4276 ignes
824 4200 995 4277 judicere;
1011 4216 1096 4278 prae·

296 4297 397 4378 cipue
410 4297 656 4360 sanctissimum
671 4299 795 4374 Papam
805 4297 948 4370 senioris
960 4301 1093 4375 Romam

297 4397 355 4460 sed
369 4412 433 4460 nec
447 4396 646 4475 quicumque
658 4397 774 4458 contra
783 4397 967 4468 minaeum
978 4395 1096 4468 Ponti·

333 4598 375 4674 (li
388 4597 661 4672 feneiostiflcetion
680 4597 717 4658 de
732 4596 873 4659 l’snteriti
896 4597 949 4659 des
967 4599 1094 4660 Pontites

297 4679 326 4730 ct
340 4671 375 4729 de
390 4671 454 4728 leur
466 4669 599 4728 condutta
616 4666 804 4741 appartientb
821 4670 847 4730 ta
868 4669 988 4744 critique
1003 4671 1091 4730 histo·

298 4739 848 4872 Eitqlrezggseslgentasitlbhiggoffimflrltquable
869 4756 937 4798 sous
951 4742 978 4799 la
998 4742 1094 4815 plume

351 4830 385 4874 su
755 4847 764 4866 .

334 4885 377 4958 (a)
395 4886 426 4942 ln
440 4883 530 4954 prima
544 4881 657 4938 actione
667 4883 1032 4954 nominantursoucircner,
1041 4900 1095 4943 nec

297 4956 396 5084 glum
410 4952 513 5010 deinde
527 4961 571 5009 est
586 4953 709 5026 reperire
719 4969 725 5010 :
735 4951 884 5012 habitaest
895 4963 990 5016 autem
1006 4971 1091 5032 syno-

317 5042 351 5086 us
372 5025 418 5082 illa
443 5037 519 5081 annu
537 5023 605 5091 ibi,
625 5029 653 5079 et
672 5025 803 5084 Dumnati
824 5025 952 5085 Dioscuri
977 5042 1094 5086 causam

297 5093 481 5156 subscribens
509 5093 671 5160 Anatolius,
688 5166 715 5177 Ι,
738 5095 788 5164 nit,
803 5116 831 5178 ‘q
858 5095 934 5178 quod
962 5099 1094 5158 omnibus

298 5175 463 5226 sanctorum
483 5167 598 5223 Petrum
625 5179 697 5238 regu
709 5181 733 5221 rs
754 5172 845 5222 exunt
870 5167 1049 5243 mobediens,
1066 5179 1094 5228 et

300 5237 383 5298 tertio
397 5238 536 5295 canonice
549 5241 668 5294 vocatus
680 5236 770 5294 noluit
783 5237 991 5312 obtemporare.

337 5309 375 5383 (b)
391 5312 424 5368 ln
438 5307 664 5367 chalcedonensi
684 5323 730 5366 an.
753 5307 886 5378 870,Act.
907 5309 949 5380 te,
968 5311 1037 5370 Cau.
1050 5313 1093 5382 ti,

300 5382 341 5440 sic
362 5381 465 5454 legitur
494 5394 501 5436 ι
526 5381 583 5438 «Si
603 5379 668 5461 quis
696 5385 773 5436 lanta
799 5379 933 5440 efferatur
957 5382 1093 5453 audacia,

299 5449 540 5528 quemadmodum
560 5450 678 5510 Photms
690 5457 718 5508 et
733 5451 895 5520 Dioscorus,
916 5452 977 5511 sive
990 5455 1044 5512 scri
1066 5463 1095 5512 to

300 5527 361 5583 sire
374 5525 437 5582 sinc
451 5523 567 5595 scripto,
581 5523 709 5580 insanias
724 5521 861 5594 quasdam
880 5531 977 5582 centra
995 5472 1092 5584 cothe-

300 5598 381 5655 dmm
407 5593 551 5667 corvphaei
575 5593 775 5666 Apostolorum
799 5594 875 5652 Petri
903 5595 1007 5654 audeat
1031 5598 1092 5670 joc·

302 5683 371 5736 rare,
391 5653 523 5724 eamdem
542 5674 626 5740 atquc
649 5665 687 5722 llll
711 5665 882 5723 sententiam
904 5665 1095 5735 damnationis

1146 1653 1269 1728 Papam
1292 1651 1346 1713 vel
1374 1652 1518 1714 aliorum
1541 1652 1800 1730 patriarcharum
1818 1669 1904 1731 quem.

1146 1765 1255 1826 quam,
1272 1751 1449 1812 anathema
1463 1750 1516 1812 sit.
1529 1751 1726 1812 »Praeterea
1734 1751 1903 1814 notissimum

1146 1848 1179 1909 et
1192 1846 1414 1910 indubitatum
1427 1848 1579 1927 estquod
1601 1849 1698 1913 multi
1717 1851 1903 1916 Romenomn

1147 1946 1355 2020 Pontificum,
1389 1947 1491 2010 etiam
1517 1963 1577 2024 pro
1608 1946 1789 2016 minoribus
1810 1948 1904 2018 causis,

1147 2045 1325 2110 nonnullos
1339 2045 1558 2122 imperatores
1572 2047 1605 2108 et
1619 2061 1729 2122 reges,
1743 2047 1903 2109 nonsolun·

1148 2143 1244 2206 modo
1263 2143 1635 2206 excommunicaverunt
1652 2143 1709 2206 sed
1728 2161 1748 2209 a
1765 2145 1905 2220 regnate·

1146 2244 1340 2319 posuerunt,
1354 2241 1431 2306 etin
1444 2258 1559 2304 eorum
1578 2242 1663 2305 locis
1685 2243 1770 2307 alios
1780 2243 1906 2320 subroga-

1146 2341 1277 2402 uerunt.
1294 2339 1507 2402 Innocentius
1517 2339 1682 2418 siquidem
1693 2343 1781 2418 Papa
1788 2342 1903 2418 impera-

1146 2439 1251 2500 torem
1271 2437 1461 2510 Arcadium,
1484 2437 1597 2514 magni
1625 2439 1798 2502 Theodosii
1819 2439 1905 2510 filiun,

1147 2536 1351 2613 proeoquod
1360 2536 1500 2599 ioannis
1512 2537 1906 2614 elrrpsostomidepositioni
1957 2545 1958 2634 p

1148 2634 1310 2704 interfuit,
1343 2650 1441 2712 quam
1467 2634 1673 2712 Theophilus
1702 2633 1926 2712 Alexandrinus,

1148 2747 1309 2794 unacum
1335 2730 1412 2794 aliis
1433 2731 1653 2794 orientalibus
1678 2732 1866 2810 patriarchis,
1879 2731 1907 2790 de
1957 2779 1958 2846 1

1148 2829 1480 2902 consensualiorum
1504 2829 1755 2907 episcoporum,
1786 2830 1848 2892 siue
1868 2843 1907 2890 as·
1957 2849 1958 2876 t

1148 2945 1248 2990 sensu
1263 2928 1405 2990 Romani
1420 2927 1592 2990 Pontiheis
1604 2929 1798 3001 dictaverat,
1811 2943 1908 2990 excon-

1148 3023 1906 3104 municavit,eorumquedepositionemcassadh

1149 3124 1342 3188 mitissimus
1354 3140 1434 3186 uero
1450 3123 1640 3202 imperator,
1661 3141 1742 3188 mon
1761 3127 1794 3188 ut
1815 3123 1907 3184 factum

1148 3223 1312 3298 cognovit,
1333 3238 1399 3284 non
1425 3221 1560 3284 rebellis
1583 3223 1709 3296 extitit,
1732 3223 1788 3286 sed
1807 3219 1906 3284 renim

1148 3319 1318 3382 humiliter
1335 3319 1430 3398 petiit
1445 3320 1693 3398 etimpetravit.
1710 3319 1907 3384 Constantinus

1148 3435 1234 3497 papa
1244 3418 1469 3483 lastinianum
1482 3418 1731 3496 imperatorem,
1740 3413 1907 3481 consentini

1149 3517 1254 3578 fllium
1271 3514 1330 3596 (c),
1346 3517 1481 3595 propter
1494 3532 1561 3580 uon
1576 3516 1750 3582 decentem
1764 3517 1909 3594 legatonm

1149 3631 1284 3678 suornm
1311 3614 1574 3692 susceptionem,
1608 3611 1907 3678 excommunicarit:

1149 3713 1421 3792 quipostmodum
1442 3713 1478 3775 iu
1490 3714 1851 3792 constantinopolitana
1865 3723 1907 3772 ur-

1148 3812 1199 3874 bis
1209 3812 1319 3890 platea
1334 3811 1472 3890 pedibus
1491 3813 1564 3889 ep‘us
1585 3827 1661 3874 cum
1676 3829 1780 3889 regno
1795 3809 1909 3889 proaba-

1148 3910 1212 3983 tus,
1226 3910 1352 3974 tamdiu
1368 3910 1462 3987 petiit
1473 3909 1605 3974 veniam
1620 3911 1728 3974 donec
1746 3903 1906 3986 impetrarit.

1147 4008 1345 4071 Anastasius
1367 4006 1415 4088 (u)
1437 4010 1527 4085 Papa
1540 4009 1755 4072 ¹tnastasium
1767 4003 1909 4084 imperate

1148 4122 1219 4180 rem
1241 4105 1551 4177 excommunicavit,
1565 4106 1622 4183 qui
1637 4107 1791 4183 proterve
1804 4106 1908 4180 loquens

1149 4204 1190 4266 de
1210 4207 1312 4282 Papa,
1333 4203 1368 4265 in
1389 4203 1460 4281 ipso
1476 4203 1600 4280 palatio
1614 4203 1755 4266 fulmine
1768 4211 1909 4282 percussus

1148 4302 1285 4365 interiit.
1297 4301 1477 4378 Gregorius
1491 4303 1536 4364 111
1551 4304 1696 4366 Leonem
1712 4301 1908 4378 imperatorem

1149 4416 1216 4464 non
1230 4400 1337 4462 solum
1355 4397 1646 4473 excommnicauit,
1658 4399 1716 4462 sed
1732 4399 1824 4464 etiam
1834 4406 1909 4470 repro

1957 5763 1958 5796 l

1957 5913 1958 5962 l

1957 6207 1958 6265 l

1148 4603 1260 4662 subeat.
1274 4625 1286 4654 ι
1302 4603 1487 4675 ceteraque
1503 4601 1550 4662 hic
1566 4602 1738 4676 allegantur,
1752 4608 1782 4660 ot
1794 4594 1908 4672 sequente

1148 4677 1193 4734 vet
1229 4673 1409 4742 recedentia,
1430 4673 1476 4732 ubi
1501 4674 1682 4733 inveniantur
1695 4673 1798 4731 neseio.

1185 4691 1228 4874 (οἳ
1243 4747 1284 4829 lta
1300 4743 1537 4873 reostegticolaum
1551 4744 1604 4872 ubit
1614 4745 1642 4801 lo
1657 4741 1909 4874 {effiffl'pffi

1148 4823 1591 4970 centumcentur
1605 4811 1907 4970 cuculum

1149 4959 1226 5018 hurtc
1244 4973 1313 5016 vero
1329 4973 1445 5027 ecimus,
1463 4972 1509 5014 au.
1529 4958 1561 5014 ll
1582 4971 1624 5024 ,a
1642 4959 1801 5015 tustmmoe
1818 4952 1906 5029 ltind-

1149 5039 1224 5093 meta
1246 5027 1519 5102 Constantinopolim
1540 5036 1701 5096 evocatum,
1717 5036 1747 5085 et
1764 5041 1796 5084 ea
1815 5017 1908 5096 quein

1149 5100 1316 5168 describitur
1324 5099 1483 5158 humilitate
1495 5107 1657 5172 receptum;
1669 5113 1785 5158 eausam
1795 5108 1854 5152 rere
1862 5103 1907 5174 etr

1148 5174 1270 5233 cationis
1289 5170 1374 5228 hu‘us
1402 5170 1563 5228 uenalium
1586 5177 1665 5242 putat
1685 5169 1773 5230 fnisse
1792 5169 1907 5226 eruam

1149 5260 1260 5326 quam«
1275 5250 1305 5300 ut
1319 5187 1384 5300 huis
1394 5238 1908 5370 ponereturgdoutroversiedefflmutt

1150 5315 1197 5459 a(
1215 5320 1801 5466 libertinitatecentum,
1814 5349 1907 5435 reatu·

1149 5459 1192 5517 sio
1214 5461 1381 5530 imperatori
1406 5454 1556 5527 epistolum
1583 5454 1908 5517 commonitoriumqutffl

1149 5528 1215 5588 vide
1225 5526 1299 5600 opud
1315 5525 1467 5584 Duronium
1481 5539 1527 5582 an.
1541 5525 1612 5597 t973
1628 5524 1679 5582 sed
1690 5525 1809 5598 quicum
1819 5527 1907 5576 excon-

1150 5598 1306 5658 manicavit
1320 5594 1508 5671 Symmachus
1526 5597 1602 5670 Papa
1623 5593 1682 5666 fuit,
1703 5603 1734 5653 ut
1758 5591 1838 5652 babes
1854 5577 1908 5658 apli

1149 5669 1282 5732 ourndem
1294 5669 1458 5739 baronium,
1470 5666 1506 5726 ad
1521 5682 1569 5726 an.
1585 5665 1648 5737 502,
1662 5683 1689 5726 n.
1704 5665 1748 5725 29.
