3962 6294
273 331 332 414 371
899 329 1076 394 nononn
1092 331 1136 394 tn
1158 331 1305 398 ornae.
1845 350 1896 414 aa
1956 385 1957 388 κ

273 492 325 553 rat
340 489 491 552 eumdem
519 488 709 567 episcopum
731 489 931 552 Fesulanum
955 491 1070 554 contra
1125 509 1281 571 magnum
1310 511 1353 558 ex
1383 495 1445 558 hoc
1478 497 1669 562 scandalum
1696 500 1779 565 iuter
1805 505 1893 570 laicos

275 591 389 661 Deum,
407 590 439 650 et
460 587 616 649 Ecclesiae
641 586 838 660 libertatem,
862 589 996 666 propter
1017 588 1071 650 in·
1124 594 1314 668 generatur,
1338 594 1433 656 nobis
1454 593 1624 659 humiliter
1647 600 1842 676 supplicavit,
1866 611 1895 669 ut

270 687 397 764 juriam
423 685 535 758 banni,
563 685 598 744 in
623 700 786 761 expensas
811 685 843 747 et
866 686 986 747 damna
1010 687 1070 748 tali
1126 689 1300 766 providere
1326 708 1427 770 super
1449 691 1511 754 hoc
1534 695 1673 772 paterna
1696 698 1895 766 sollicitudine

275 784 449 846 occasione
458 783 580 854 secuta,
592 783 774 856 taxatione,
782 785 972 861 jnramento
985 800 1072 861 prae·
1126 787 1350 863 dignaremur.
1377 791 1482 862 Quum
1506 791 1609 868 igitur
1631 809 1690 869 per
1711 795 1895 872 impunitatis

275 882 388 954 misso,
407 882 442 941 in
464 881 555 942 mille
570 880 664 941 libris
687 881 814 942 usualis
829 881 969 944 monetae
984 899 1072 960 prae·
1126 885 1281 948 fiduciam
1312 888 1494 950 nutriretur
1515 889 1550 950 in
1572 890 1622 951 eis
1646 891 1781 953 audacia
1805 895 1897 957 delin-

275 979 362 1040 dicto
391 979 545 1056 episcopo
574 979 804 1052 Fesulanensi,
830 979 1072 1042 sententialiter
1126 984 1258 1059 quendi,
1276 985 1309 1046 et
1322 984 1399 1045 dum
1414 985 1548 1063 impune
1563 988 1764 1066 delinquunt,
1779 993 1897 1069 quibus-

275 1075 429 1139 duximus
445 1076 740 1140 condemnandum.
1125 1081 1200 1141 dam
1225 1082 1413 1146 efficiantur
1437 1083 1473 1145 in
1497 1085 1701 1159 scandalum,
1726 1088 1757 1148 et
1780 1089 1848 1150 aliis
1868 1091 1897 1152 in

1041 1207 1045 1212 ·
1126 1179 1325 1256 exemplum,
1336 1182 1369 1243 et
1382 1180 1445 1244 hoc
1460 1184 1547 1246 esset
1560 1182 1656 1245 laicis
1668 1183 1703 1245 in
1717 1201 1771 1246 eos
1783 1189 1897 1248 occasio

500 1237 713 1326 TITULUS
749 1238 843 1326 XVI
1126 1275 1361 1350 debacchandi,
1383 1278 1458 1342 frat.
1481 1282 1503 1342 t.
1520 1280 1726 1354 mandamus,
1743 1283 1895 1360 quatenus,

535 1406 583 1452 DE
604 1406 740 1454 mm
763 1389 810 1471 (1)
1126 1375 1815 1452 qaumlocidiaecesanusexistas,clericos
1829 1399 1897 1458 quos

619 1519 726 1578 Idm
1126 1474 1199 1550 post
1221 1473 1478 1550 publicationem
1492 1477 1706 1554 praesentium
1720 1477 1800 1539 tales
1817 1479 1899 1540 inae-

589 1678 725 1738 CAPUT
747 1679 771 1738 1.

1126 1571 1227 1643 neria,
1238 1588 1338 1648 quum
1349 1572 1632 1652 factohujusmodi
1647 1575 1898 1652 privilegiumab

316 1819 367 1880 Ex
393 1818 513 1880 litteris
543 1818 665 1880 nobilis
693 1819 757 1881 viri
787 1817 846 1899 (a)
877 1820 1009 1882 Pontivi
1040 1821 1072 1883 et

1122 1668 1243 1746 jiciant
1257 1669 1422 1743 clericale,
1443 1687 1540 1748 poena
1554 1672 1616 1734 illa
1637 1687 1710 1749 quae
1725 1675 1831 1734 contra
1845 1674 1898 1734 hu-

1121 1767 1268 1844 jusmodi
1283 1767 1466 1830 homicidas
1477 1785 1497 1830 a
1507 1769 1595 1832 dicto
1609 1769 1711 1831 nobili
1721 1773 1770 1832 est
1780 1771 1895 1840 statuta,

277 1917 310 1976 M
443 1916 462 1930 .,
765 1917 770 1930 ,
1126 1864 1230 1927 facias
1245 1865 1286 1926 ab
1302 1866 1492 1944 hujusmodi
1506 1868 1680 1930 maleficiis
1693 1867 1841 1930 cohiberi.

313 1916 465 1978 onstroln
481 1917 858 1990 c0m1t1s1ntellex1mus
872 1919 957 1996 quod
971 1935 1071 1996 quum

277 2013 356 2074 olim
380 2014 494 2076 clerici
520 2015 552 2076 et
575 2014 653 2075 laici
678 2015 774 2076 terrae
797 2033 866 2076 suae
890 2016 930 2076 ad
953 2031 1073 2093 perpe·
1127 2045 1332 2120 [symm-50,
1353 2047 1605 2117 archidiacono,
1626 2048 1660 2110 et
1682 2050 1727 2108 H·
1751 2051 1790 2110 de
1810 2051 1900 2110 Pari,

277 2109 396 2172 tranda
411 2111 589 2172 homicidia
605 2111 743 2172 nimium
756 2112 852 2188 proni
865 2114 986 2185 essent,
1000 2113 1072 2190 ipsa
1296 2155 1370 2214 sm
1396 2157 1558 2215 canonico
1572 2157 1736 2218 Suom-on

273 2209 371 2285 Juxta
387 2208 643 2270 admonitionem
663 2209 696 2270 et
710 2209 974 2271 exhortationem
990 2227 1074 2288 quo-
1372 2197 1380 2225 ’
1739 2197 1747 2214 ⁹

278 2307 430 2368 rumdam
461 2306 606 2383 Apostol.
635 2306 729 2368 Sedis
760 2307 959 2383 legatorum,
985 2308 1072 2369 inter

277 2405 344 2466 alia
359 2421 432 2481 quae
447 2405 561 2466 contra
581 2403 765 2465 homicidas
782 2405 962 2478 constituit,
972 2408 1072 2483 jura-

278 2503 388 2564 mento
409 2502 563 2574 firmauit,
581 2502 666 2579 quod
689 2501 865 2572 neminem,
880 2503 937 2580 qui
953 2503 1072 2565 timore
1167 2501 1311 2562 Gravem
1332 2500 1526 2564 dilectorum
1550 2502 1695 2565 liliorum
1717 2501 1761 2583 (c)
1780 2501 1899 2580 capituli

277 2599 449 2660 homicidii
483 2599 636 2677 nequiter
664 2599 844 2676 perpetrati
873 2598 920 2681 (b)
948 2600 1073 2662 terram
1128 2598 1356 2659 Laudunensis
1379 2600 1564 2677 recepimus
1589 2602 1808 2679 questionem3
1832 2599 1903 2677 quod

1426 2351 1562 2412 CAPUT
1580 2352 1623 2412 ΙΙ.

277 2697 387 2759 exiret
400 2697 517 2774 ipsius,
531 2697 695 2758 reintrare
708 2697 813 2774 ipsam
833 2699 873 2760 de
888 2699 998 2760 cetero
1012 2715 1074 2776 pa-

277 2795 404 2858 teretur
420 2817 427 2855 :
445 2811 546 2872 quum
561 2796 671 2857 autem
686 2795 764 2856 laici
780 2796 869 2857 matu
883 2812 989 2873 poenae
1004 2796 1072 2858 hu-

274 2893 422 2970 jnsmodi
437 2908 501 2969 qua
516 2891 549 2954 et
562 2893 789 2970 perpetrantes
809 2893 1072 2969 proscribuntur,

279 2992 312 3052 et
334 2990 421 3052 bona
445 2989 669 3052 confiscantur
691 3006 817 3062 eorum,
843 2989 1031 3054 abstineant
1054 3008 1074 3052 a

279 3087 469 3166 praedictis;
509 3087 622 3148 clerici
658 3102 789 3164 poenam
821 3103 888 3150 non
920 3088 1073 3152 timentes

279 3185 440 3258 eamdem,
470 3185 619 3246 cohiberi
652 3185 812 3247 hactenus
841 3186 1072 3263 nequiverunt,

280 3284 337 3362 qui
350 3283 386 3344 ut
400 3282 526 3360 possint
541 3283 782 3346 circumvenire
796 3283 987 3358 uindictam,
1004 3285 1076 3362 pri-

278 3381 438 3458 uilegium
462 3381 616 3442 clericale
643 3381 862 3458 praetendunt,
885 3382 967 3444 illud
994 3398 1074 3460 per-

278 3482 384 3542 uersis
420 3479 548 3542 actibus
589 3478 792 3556 abnegantes
829 3501 837 3542 ε
874 3481 962 3542 unde
996 3481 1075 3558 quia

280 3645 417 3759 passuum
444 3643 460 3687 a
488 3630 640 3687 Florentia.
672 3629 771 3686 Annos
804 3630 977 3702 quierantos
1009 3644 1075 3688 cum

293 3701 450 3758 ‘tarentinis
473 3701 631 3768 contendit,
658 3715 672 3756 a
698 3699 800 3772 quihus
827 3707 875 3757 tan
897 3715 942 3757 em
974 3715 1075 3758 eversa

281 3787 357 3828 anno
376 3771 455 3838 leat,
472 3771 643 3844 familiisque
656 3771 827 3828 Florentiam
844 3771 999 3840 translatis,
1018 3785 1075 3829 non

282 3849 325 3898 est
349 3841 495 3910 restituta,
521 3855 576 3899 nec
605 3841 780 3912 antiquitatis
809 3842 963 3914 vestigium
988 3842 1074 3899 ullum

282 3919 384 3984 praeter
403 3913 608 3984 episcopatum,
622 3918 651 3968 et
664 3914 779 3968 Petrum
801 3913 1004 3968 canonicorum
1028 3927 1073 3969 re-

282 3982 424 4058 gularium
440 3981 582 4040 abbatiam
601 3989 746 4052 remanet;
762 3989 790 4039 et
803 3981 897 4040 forsan
913 3999 962 4056 per
981 3983 1072 4041 ecele-

282 4055 340 4111 sias
366 4053 523 4111 Fesulanas
546 4051 599 4110 has
627 4053 760 4126 intelligit
788 4055 938 4112 Honorius.
964 4057 1014 4112 Est
1037 4054 1076 4110 ibi

281 4124 628 4208 quoqueamoenissimum
638 4125 890 4184 Dominicanorum
901 4125 1074 4194 coenohium,

282 4211 380 4254 nescio
406 4211 443 4252 an
462 4195 632 4253 aedilitatum
655 4202 783 4278 tempore
805 4198 923 4254 Honorii
944 4199 1075 4268 nostris

282 4283 339 4342 quo
354 4267 401 4324 hic
413 4266 487 4326 Ordo
499 4267 669 4325 confimatus
684 4265 747 4325 furt.

318 4341 446 4396 Potestas
461 4339 624 4396 florentina
643 4337 812 4395 bannirerat
832 4353 998 4412 episcopum
1020 4340 1072 4396 Fe-

280 4411 425 4478 mineum,
451 4409 526 4482 quod
549 4416 593 4467 est
618 4416 715 4466 contra
741 4409 899 4466 libertatem
928 4410 1074 4478 Ecclesiae,

281 4480 345 4538 ideo
378 4481 601 4539 satisfactionem
632 4479 793 4552 injunxerat
824 4480 967 4536 Hortarius
1000 4479 1076 4536 dicto

280 4553 417 4625 episcopo
441 4551 610 4609 faciendam.
640 4551 759 4607 Baartaa
781 4549 835 4606 hoc
858 4549 920 4607 loeo
945 4564 1002 4606 non
1033 4559 1076 4608 est

280 4630 391 4680 tantum
404 4625 516 4680 vocatio
530 4622 621 4696 injus,
635 4629 665 4678 ut
680 4637 757 4694 saepe
776 4621 923 4694 reperitur,
938 4621 1074 4690 Baaaira

280 4709 332 4750 acu
353 4695 494 4760 Metanira,
516 4709 567 4766 pro
582 4693 694 4764 pulsare
713 4693 742 4749 in
755 4692 812 4764 jus,
826 4707 877 4750 scu
892 4693 990 4760 citare,
1004 4699 1035 4748 ut
1047 4692 1077 4747 in

279 4763 394 4834 legibus
407 4764 514 4830 salicis,
530 4770 558 4820 et
571 4761 645 4836 apud
656 4763 851 4836 llarculphmn
865 4763 912 4822 lib.
927 4766 950 4832 l,
962 4761 1074 4820 formul.

282 4910 361 4961 cerat
376 4903 611 4976 proscriptionem
627 4904 778 4974 bonorum,
794 4905 869 4988 apud
891 4907 1076 4962 llincmarum

282 4975 311 5032 in
328 4985 410 5048 epist.
435 4977 472 5030 ad
495 4975 638 5040 Ceratum,
654 4983 682 5031 et
704 4975 733 5032 in
755 4976 935 5048 capitularib.
952 4991 1016 5048 cap.
1030 4977 1074 5044 45,

280 5045 329 5103 lit.
347 5048 397 5115 ΙΙΙ,
411 5053 440 5102 et
450 5045 514 5102 alibi
529 5059 615 5118 saepe.
633 5044 665 5103 Id
679 5045 762 5103 fiebat
775 5048 941 5104 solemniter
955 5062 1012 5103 non
1027 5063 1074 5104 so·

281 5119 340 5175 lum
357 5115 553 5190 jurisdictione
572 5115 726 5186 ordinaria,
752 5115 802 5174 sed
828 5119 914 5174 etiam
934 5133 999 5174 curn
1021 5119 1074 5175 im·

283 5190 372 5262 perio,
396 5189 512 5262 prolatis
535 5186 655 5254 vexillis,
680 5202 731 5244 seu
760 5188 880 5256 bannis,
905 5203 937 5245 ca
962 5233 968 5246 .
993 5189 1075 5258 sicat,

282 5275 378 5332 supra,
394 5261 426 5316 de
442 5259 591 5340 ¹Cortstt'tat.
606 5257 674 5315 Ideo
686 5259 715 5314 in
732 5257 788 5316 hac
801 5258 920 5342 epistola
936 5204 960 5316 fl

282 5345 402 5404 gravem
414 5330 546 5402 imur-iam
562 5331 679 5386 illlatam
695 5329 782 5387 fuisse
796 5329 864 5387 dicit
879 5331 1013 5402 episcopo
1026 5333 1077 5388 Fc-

282 5403 391 5468 sulano,
420 5408 518 5458 contra
542 5400 703 5458 libertatern
739 5401 884 5470 Ecclesiae,
912 5417 975 5473 quae
1000 5402 1077 5459 nullo

282 5481 365 5546 pacto
380 5473 491 5530 banniri
503 5473 772 5545 potueratapopulo
783 5471 955 5529 florentino.
969 5472 1077 5530 Eadem

282 5545 449 5616 conquestio
471 5550 515 5600 est
537 5543 612 5615 apud
631 5545 748 5600 ivonem
770 5544 852 5615 epist.
871 5543 932 5611 let,
949 5557 984 5599 eo
1004 5543 1078 5616 qaod

283 5617 409 5674 bantium
433 5615 527 5688 leuge
552 5613 640 5672 Adela
664 5614 810 5673 comitissa
826 5629 842 5672 a
859 5613 1007 5687 ltodulpha
1030 5631 1076 5672 ar·

283 5687 498 5762 chipreshytero
519 5692 655 5761 exegerat
676 5702 683 5743 :
711 5687 787 5744 aeae
808 5701 950 5757 roattaas,
977 5686 1077 5759 inquit,

962 5262 1078 5318 onorius

1128 2712 1227 2774 quum
1252 2696 1371 2757 nobilis
1395 2697 1447 2758 uir
1473 2697 1522 2777 (d)
1549 2713 1663 2761 comes
1689 2698 1904 2774 Registetensis

1127 2809 1187 2870 pro
1211 2794 1323 2855 multis
1338 2794 1471 2872 inJuriis
1490 2811 1572 2872 quas
1598 2796 1766 2872 irrogarat
1785 2795 1902 2864 eisdem,

1128 2908 1188 2970 per
1208 2892 1338 2970 judicas
1367 2907 1387 2952 a
1421 2893 1505 2954 Sede
1532 2895 1724 2971 Apostolica
1757 2894 1904 2968 delegatos

1129 2990 1482 3051 excommunicationis
1500 2990 1635 3053 vinculo
1660 2993 1760 3054 fuerit
1780 2989 1904 3052 innoda-

1128 3087 1192 3160 tus,
1209 3087 1297 3148 idem
1307 3090 1378 3166 jam
1388 3103 1448 3165 per
1468 3087 1550 3150 duos
1564 3105 1671 3152 annos
1686 3092 1718 3152 et
1732 3088 1862 3168 amplius
1875 3089 1903 3147 in

1129 3184 1470 3247 excommunicatione
1494 3186 1689 3264 persistens,
1711 3187 1779 3266 jnri
1803 3199 1905 3263 parere

1129 3283 1343 3360 pertinaciter
1356 3283 1477 3358 renuit,
1495 3283 1604 3347 claves
1619 3286 1776 3348 Ecclesiae
1798 3285 1830 3345 in
1848 3297 1906 3343 snae

1130 3381 1247 3442 salutis
1262 3380 1469 3458 dispendium
1493 3383 1525 3444 et
1539 3381 1758 3458 plurimorum
1783 3379 1907 3444 scanda-

1129 3478 1198 3538 lum
1219 3477 1468 3540 contemnendo.
1495 3479 1585 3542 Licet
1610 3479 1716 3556 igitur
1736 3477 1906 3559 hujusmodi

1130 3631 1154 3684 et
1170 3641 1322 3698 monentes,
1338 3632 1367 3684 at
1379 3629 1452 3685 daec
1461 3629 1539 3686 aedis
1552 3645 1608 3686 aaa
1622 3629 1757 3703 laseratis
1773 3627 1906 3701 capariam.

1166 3699 1206 3826 gli
1222 3700 1259 3758 Ca
1280 3701 1344 3756 titre
1357 3707 1400 3756 est
1414 3700 1440 3756 le
1452 3699 1500 3756 320
1515 3699 1550 3756 de
1563 3700 1589 3757 la
1606 3701 1775 3772 Compitalia
1786 3701 1909 3772 primast

1129 3769 1156 3826 le
1189 3771 1218 3825 7Θ
1233 3769 1283 3826 des
1298 3770 1405 3826 nerra.
1423 3770 1631 3842 Gre'qorieaaes.
1867 3838 1872 3849 1

1166 3839 1340 3966 (αὶΙΡοηΙΙυὶ,
1356 3845 1381 3896 et
1394 3842 1618 3899 Monstrolieasis
1639 3843 1759 3900 comata.
1780 3839 1909 3898 Pantitae.

1130 3912 1171 3968 lie
1215 3925 1250 3967 oc
1275 3913 1411 3968 comitatu
1437 3927 1533 3984 supra.
1564 3913 1646 3971 Caret
1677 3913 1733 3970 hoc
1758 3918 1839 3985 caput
1858 3909 1909 3981 epi-

1130 3980 1240 4054 graphe
1256 3999 1263 4038 :
1279 3981 1329 4038 sed
1345 3997 1431 4053 quum
1446 3980 1522 4039 dicat
1542 3983 1688 4040 Honorias
1701 3985 1730 4040 in
1751 3983 1805 4040 flne
1823 3981 1910 4054 ipsius,

1129 4067 1196 4109 eum
1219 4051 1256 4109 ad
1279 4067 1364 4124 quem
1390 4053 1519 4110 rescribit
1546 4067 1610 4110 esse
1636 4053 1693 4111 loci
1721 4053 1910 4114 diaecesanum,

1130 4137 1248 4180 necesse
1274 4131 1318 4180 est
1344 4130 1375 4179 at
1395 4123 1431 4181 sit
1458 4125 1610 4197 episcopus
1637 4124 1845 4194 Ambianensis,
1871 4126 1913 4178 aut

1130 4195 1310 4262 Morinensia,
1327 4193 1379 4252 sub
1394 4195 1495 4266 quibus
1509 4195 1557 4250 hic
1568 4195 1724 4253 comitatus
1737 4203 1790 4253 est.

1167 4265 1205 4338 (t)
1222 4266 1338 4322 Terram
1348 4266 1447 4322 seirat.
1463 4267 1529 4322 llaec
1541 4265 1753 4338 {exantiquitus
1765 4266 1911 4327 observata,

1130 4344 1186 4393 cta
1209 4337 1354 4406 Romanis,
1370 4344 1399 4394 et
1413 4337 1448 4394 ab
1468 4336 1692 4394 Atheniensibus
1714 4337 1788 4411 apud
1807 4337 1911 4414 Dionys.

1131 4407 1273 4464 Halicarn.
1299 4408 1346 4464 lib.
1373 4409 1423 4476 ΙΙΙ,
1447 4422 1509 4480 cap.
1535 4407 1563 4476 ὅ,
1593 4413 1622 4464 et
1650 4407 1868 4465 Demosthenem
1890 4415 1914 4457 tn

1130 4484 1203 4536 orat.
1220 4481 1329 4536 advers.
1343 4479 1555 4535 Artaocmtem.
1569 4477 1648 4536 Idem
1665 4479 1731 4554 lege
1744 4479 1846 4544 divina,
1866 4487 1914 4601 Zaa

1132 4547 1282 4606 homicidae
1310 4551 1399 4622 patria
1428 4549 1505 4606 exire
1528 4549 1715 4622 cogebantur,
1739 4551 1815 4608 etin
1840 4563 1869 4604 ur
1888 4559 1914 4600 es

1131 4618 1297 4692 designatas
1330 4619 1474 4688 secedere,
1499 4621 1646 4689 hamera,
1678 4635 1742 4694 cap.
1768 4621 1811 4678 35.
1845 4617 1914 4675 iden

1131 4691 1216 4746 etiam
1232 4697 1367 4747 statutum
1383 4706 1398 4747 a
1414 4691 1513 4749 Carolo
1534 4692 1640 4763 Magno
1662 4691 1710 4748 lib.
1739 4693 1788 4760 lV,
1811 4705 1870 4761 cap.
1886 4687 1916 4742 aa

1132 4761 1294 4830 Crepitalar.
1306 4777 1313 4816 :
1327 4762 1362 4815 ia
1377 4763 1509 4818 resiliam
1520 4763 1652 4818 rrtdtatar
1666 4765 1704 4819 ad
1712 4767 1845 4833 qaaatara
1854 4764 1912 4816 teta·

282 4834 327 4890 aa.
345 4832 400 4890 Sed
416 4834 444 4890 in
459 4849 494 4889 eo
508 4833 666 4891 differentia
688 4843 742 4904 est,
759 4833 834 4907 quod
856 4835 967 4892 bannus
991 4833 1073 4891 indu·
1128 4845 1183 4902 pas
1195 4831 1271 4887 eatis
1277 4831 1429 4901 placuerit.

1168 4899 1206 4975 (a)
1227 4901 1353 4972 Capituli
1373 4903 1579 4961 banderensis.
1597 4903 1643 4960 Sic
1662 4903 1827 4978 legendum,
1844 4907 1872 4959 ut
1890 4899 1915 4955 in

1131 4977 1208 5033 llas.
1226 4987 1294 5040 non,
1311 4973 1478 5040 bundensis,
1496 4982 1526 5032 ut
1542 4976 1569 5030 in
1580 4975 1713 5048 vulgatis.

1168 5045 1210 5118 (d)
1233 5045 1327 5102 Gaea-cs
1346 5046 1548 5115 ltaqt'steteast's.
1570 5047 1671 5104 Comes
1686 5044 1874 5120 liegistrensis
1891 5041 1916 5096 in

1132 5117 1256 5174 editione
1278 5115 1438 5184 Raimundi,
1469 5117 1496 5172 in
1526 5118 1603 5174 MSS.
1631 5116 1858 5191 liegisitereusis,
1877 5112 1916 5167 vel

1132 5186 1323 5254 Testietensis,
1341 5195 1472 5259 corrupte
1487 5187 1606 5262 abique3
1632 5188 1785 5262 legendum
1803 5194 1854 5254 est,
1870 5185 1915 5240 lle·

1131 5259 1310 5330 eistetensis:
1330 5259 1368 5313 Le
1390 5259 1482 5314 Cottae
1506 5260 1539 5314 de
1563 5259 1667 5317 filactel.
1683 5259 1753 5318 Vide
1769 5257 1917 5316 (luidonem

1133 5330 1257 5402 Coquille
1273 5329 1436 5385 indistorta
1458 5330 1638 5399 Niacraeasi,
1663 5332 1712 5402 apti
1731 5331 1770 5386 ait
1787 5327 1859 5385 hune
1873 5339 1916 5404 aa·

1133 5403 1261 5458 mitatem
1283 5399 1312 5456 in
1327 5400 1449 5470 antiquis
1464 5399 1614 5458 chartariis
1636 5402 1742 5458 Latinis
1763 5400 1854 5457 vocari
1870 5399 1915 5453 lle·

1132 5473 1227 5544 pitestc
1253 5471 1334 5544 quasi
1347 5471 1435 5539 testis,
1453 5479 1481 5528 et
1500 5472 1582 5528 raoni
1598 5471 1696 5529 Gallici
1721 5473 1810 5538 limes,
1830 5476 1857 5525 et
1877 5481 1916 5522 re·

1133 5557 1199 5600 vera
1227 5512 1273 5598 hic
1285 5539 1388 5598 hnitsu
1410 5557 1519 5599 remum
1532 5515 1918 5622 f’mperiumGallicurn,·cujus

1133 5615 1212 5672 btosa
1224 5613 1307 5669 limes
1321 5619 1374 5669 est.
1390 5557 1601 5671 fliscomitatus
1612 5613 1815 5686 antiquissime
1834 5609 1917 5690 naseu

1133 5684 1255 5743 dationis
1281 5690 1339 5754 cst;
1364 5683 1482 5742 refertur
1510 5685 1585 5748 euim
1616 5685 1644 5743 in
1669 5681 1835 5758 quibasdam
1861 5687 1919 5736 ritas
