4122 6308
197 269 257 329 967
664 256 841 358 noricam
864 255 909 315 111
930 255 1080 316 OPERA.
1097 285 1134 299 -
1152 256 1384 320 SERMONES.
1791 261 1854 325 ⁹68

196 427 290 502 Ignis
309 424 370 486 iste
386 419 529 500 Spiritus
548 420 689 482 sanctus
705 421 766 489 est,
780 417 898 496 dequo
913 415 998 480 ‹ilci-
1050 415 1150 479 bilem
1163 416 1205 480 ad
1220 419 1474 482 illuminandum
1489 418 1543 481 bis
1564 421 1621 498 qui
1642 421 1677 484 in
1701 421 1850 484 tenebris

197 528 254 587 tur
277 525 312 584 in
334 519 591 584 Deuteronomio
615 518 692 596 quia
715 534 757 579 r«
776 520 863 577 Deus
885 513 998 578 noster
1051 516 1177 589 sedent,
1195 516 1294 579 bodie
1315 517 1455 580 decorus
1476 518 1640 596 apparuit.
1664 521 1767 582 Lucet
1790 535 1854 598 per

199 613 994 699 ignisconsumensest(Dent.1x‚3),»scilicet,
1051 613 1288 676 miraculorum
1327 617 1556 694 splendorem
1591 617 1725 694 fulgura
1760 617 1851 680 enim

200 721 356 782 vitiorum
378 716 564 792 rubiginem
589 730 648 790 ρον
671 713 782 788 ignem
808 711 994 774 charitatis.
1050 711 1292 789 multiplicavit,
1321 716 1354 776 et
1387 714 1597 778 conturbavit
1621 731 1689 787 eos,
1716 716 1849 795 quando

197 821 246 880 De
274 817 338 878 boc
370 817 447 891 igne
475 812 634 875 Dominus
662 811 709 872 ait
735 833 742 872 ι
767 815 890 886 Ιρ-νιοννο
916 813 996 870 ocni
1049 825 1110 886 per
1149 809 1403 874 admirationem
1440 812 1614 890 stupefacti
1656 811 1810 877 dicebant
1839 835 1849 876 ε

195 918 338 978 mittere
363 917 400 978 in
425 912 575 983 terrum,
598 911 631 972 et
657 912 739 985 occid
761 911 934 980 recantat
957 907 997 968 ut
1049 909 1198 970 «Nonne
1220 925 1334 970 omnes
1355 910 1411 974 isti
1436 910 1492 988 qui
1516 911 1698 988 loquuntur
1718 911 1851 974 Galilaei

198 1014 321 1076 ordcot
333 1011 425 1084 (Luc.
443 1023 503 1079 x11,
519 1007 594 1088 49)t
1049 1007 1145 1067 sunti
1169 1007 1209 1068 at
1232 1008 1395 1086 quomodo
1415 1008 1603 1070 audivimus
1619 1010 1849 1088 uuusquisque

238 1111 327 1188 Ignis
350 1109 438 1170 enim
458 1124 518 1185 per
532 1106 740 1183 splendorem
763 1104 919 1177 illustrat,
936 1118 996 1180 per
1049 1103 1196 1180 linguam
1227 1105 1391 1179 nostram,
1420 1106 1456 1168 in
1482 1123 1548 1185 qua
1574 1107 1644 1169 nati
1672 1109 1850 1169 ramosi»

198 1211 343 1272 calorem
361 1205 525 1284 purificat.
543 1206 582 1265 Et
597 1204 739 1281 Spiritus
755 1205 897 1265 Sanctus
911 1201 994 1262 illu·
1050 1200 1134 1280 (Act.
1149 1217 1185 1279 11,
1201 1205 1232 1272 7,
1248 1204 1293 1283 8).
1318 1204 1392 1267 Urit
1413 1205 1638 1268 consumendo
1661 1205 1789 1282 lignum
1813 1206 1849 1267 et

197 1308 304 1369 minat
333 1305 477 1366 mentem
511 1318 570 1380 per
599 1301 816 1378 sapientiam
841 1298 995 1377 purificat
1048 1301 1183 1376 foenum,
1200 1303 1234 1365 et
1248 1303 1402 1382 stipulam
1416 1305 1626 1382 peccatorum
1642 1303 1847 1378 nostrorum,

197 1408 307 1466 autem
329 1420 388 1480 ρον
406 1401 602 1464 charitatem
617 1399 705 1471 illos,
722 1414 863 1476 quorum
883 1398 994 1459 anima
1045 1399 1141 1477 juxta
1157 1400 1238 1461 illud
1257 1417 1297 1462 :c
1314 1403 1401 1463 Deus
1416 1405 1531 1463 noster
1545 1401 1632 1479 ignis
1648 1417 1849 1464 consumens

195 1501 393 1578 baptizatur,
418 1497 513 1566 idest,
538 1495 735 1572 purificatur
748 1495 783 1555 in
798 1494 918 1571 spiritu
937 1508 995 1572 per
1047 1497 1109 1560 est.
1134 1515 1155 1558 »
1177 1497 1323 1561 Roborat
1350 1500 1467 1562 testam
1494 1499 1684 1577 fragilitatis
1710 1501 1846 1574 nostras,

197 1598 394 1675 sapientiam
410 1613 429 1656 a
444 1594 589 1657 tenebris
606 1593 815 1670 ignorantiae,
831 1607 891 1670 per
912 1591 993 1652 cha·
1044 1595 1141 1673 juxta
1164 1596 1247 1658 illud
1272 1619 1280 1657 ε
1303 1613 1322 1658 c
1346 1597 1517 1660 Fortitudo
1539 1613 1623 1672 mea,
1647 1598 1680 1661 ct
1697 1597 1847 1660 laudatio

195 1698 328 1758 ritatem
344 1712 364 1756 a
383 1694 521 1756 maculis
534 1693 651 1770 culpae.
669 1693 754 1754 Nam
769 1691 995 1768 apparuerunt
1048 1710 1122 1756 mea
1150 1695 1309 1756 Dominus
1335 1713 1353 1756 a
1376 1695 1445 1775 (Ps.
1474 1697 1546 1770 117,
1573 1694 1638 1776 14).
1665 1697 1704 1758 at
1730 1695 1811 1757 alibi
1836 1717 1846 1758 a

122 1837 124 1840 -
195 1795 263 1855 illis
287 1793 470 1870 dispertitae
485 1793 618 1867 linguae,
636 1791 792 1868 tanquam
807 1789 905 1866 ignts.
922 1791 993 1850 Duo
1047 1793 1322 1868 Amittooouom
1333 1795 1421 1856 testu
1430 1797 1543 1856 virtus
1553 1809 1642 1856 mco.
1654 1794 1779 1871 Purgat
1788 1809 1849 1872 per

196 1893 286 1964 dicit,
312 1892 399 1968 ignis
425 1892 458 1953 at
480 1890 612 1965 lingua3
629 1905 689 1966 per
708 1887 857 1950 visibiles
870 1887 993 1949 formas
1047 1891 1242 1968 patientiam
1265 1895 1411 1955 nostram
1423 1894 1520 1970 juxta
1535 1892 1618 1954 illud
1633 1913 1641 1953 ε
1658 1896 1848 1967 Tamquam

192 1989 381 2052 invisibiles
392 1988 524 2066 species
539 1986 766 2065 repraesentat.
791 1987 880 2062 Ignis
904 1987 993 2047 enim
1046 1989 1848 2065 auruminsornuceprobooiteoectoaDominus

194 2088 323 2151 vivitin
339 2087 444 2158 arido,
459 2085 747 2162 linguamanetin
761 2085 837 2147 udo.
853 2085 992 2160 [ilignis
1048 2083 1139 2164 (Sap.
1164 2101 1213 2159 111,
1239 2085 1284 2166 6).
1307 2086 1395 2148 nlibi
1426 2087 1526 2148 etiam
1550 2109 1558 2147 ε
1582 2104 1601 2146 «
1625 2087 1664 2148 Et
1690 2085 1848 2163 purgavit

193 2187 327 2264 'quidam
349 2185 546 2246 charitatem
571 2183 754 2258 siguificat3
780 2183 895 2258 lingua
913 2198 992 2243 vero
1047 2184 1133 2244 lilios
1154 2186 1243 2246 Levi.
1269 2184 1461 2246 »Desiccat
1487 2185 1660 2246 humorem
1688 2183 1846 2245 vitiorum

194 2283 353 2361 exprimit
378 2282 588 2359 septentiam.
615 2283 662 2342 De
685 2281 858 2342 charitatis
874 2280 992 2342 ardore
1047 2283 1246 2354 nostrorum,
1259 2283 1358 2359 juxta
1377 2281 1458 2343 illud
1483 2299 1527 2343 :c
1553 2283 1632 2342 Cum
1658 2279 1847 2341 immundus

195 2383 354 2443 Salomon
362 2381 477 2458 ⁴inquit
497 2381 531 2440 in
548 2379 717 2440 canticis:
734 2377 864 2456 «Aquae
880 2379 992 2441 multae
1047 2396 1065 2440 ο
1086 2381 1223 2458 spiritus
1244 2381 1365 2441 exierit
1379 2379 1421 2442 ab
1436 2380 1581 2452 bomine,
1599 2379 1773 2441 ambulans
1786 2393 1847 2456 per

192 2495 261 2542 non
284 2479 461 2556 potuerunt
476 2477 670 2552 extinguere
686 2476 893 2539 charitatem.
911 2494 930 2537 a
945 2479 991 2538 De
1046 2495 1065 2538 c
1087 2479 1160 2540 loca
1179 2477 1272 2540 arida
1293 2479 1325 2540 et
1346 2477 1507 2556 inaquosa
1523 2493 1675 2555 quaerens
1697 2477 1847 2554 requiem

88 2597 90 2600 ·
192 2579 333 2639 humore
348 2576 520 2654 sapientiae
534 2575 623 2636 idem
640 2575 786 2652 loquitur
800 2575 835 2636 in
855 2579 993 2636 Prover·
1046 2592 1065 2636 c
1086 2576 1120 2638 et
1138 2583 1205 2638 non
1219 2576 1392 2637 inveniens
1408 2593 1426 2636 »
1442 2574 1536 2654 (Luc.
1549 2591 1597 2648 ur,
1611 2574 1678 2655 24).
1694 2577 1759 2636 Per
1771 2573 1847 2635 loca

193 2676 257 2737 biis
275 2697 283 2737 :
298 2693 318 2736 s
332 2679 426 2753 Aqua
441 2674 604 2752 protunda
622 2672 725 2736 verba
741 2691 783 2734 ex
795 2689 853 2735 ore
867 2673 943 2746 viri,
960 2674 993 2735 et
1047 2673 1156 2747 arida,
1182 2673 1358 2754 desiccata,
1378 2673 1515 2746 scilicet,
1541 2674 1606 2735 boc
1636 2673 1714 2749 igne
1735 2672 1775 2734 ab
1800 2671 1848 2733 bu

193 2777 325 2837 torrens
361 2773 529 2834 inundans
564 2774 615 2833 est
650 2771 723 2834 lons
756 2772 941 2849 sapientiae.
973 2791 991 2833 s
1046 2772 1206 2834 morcillo
1218 2772 1258 2832 de
1271 2789 1336 2850 quo
1347 2772 1469 2848 legitur
1480 2769 1719 2834 inJob:‹sub
1730 2768 1847 2832 umbra

194 2876 285 2935 Inter
298 2871 439 2934 virtutes
458 2871 604 2932 charitas
620 2872 670 2932 est
684 2870 864 2948 praecipua,
883 2872 915 2934 et
934 2871 990 2931 in·
1046 2887 1064 2930 c
1086 2870 1208 2932 dormit
1226 2871 1260 2931 in
1276 2872 1403 2933 secreto
1425 2869 1564 2932 thalami
1580 2869 1612 2932 et
1626 2869 1661 2930 in
1676 2869 1758 2930 locis
1780 2867 1847 2929 hu-

194 2974 244 3033 ter
259 2971 345 3032 dona
366 2970 473 3047 prima
495 2970 546 3030 est
566 2968 740 3046 sapientia.
762 2972 809 3030 De
832 2969 891 3031 illa
912 2969 994 3031 dicit
1046 2968 1250 3030 ‹mentibus
1273 2985 1291 3029 a
1318 2967 1404 3048 (iob.
1440 2983 1494 3041 xo,
1526 2966 1591 3048 16).
1623 2967 1783 3045 Decoquit
1813 2966 1847 3028 et

191 3069 368 3146 ¹Apostolus
385 3089 392 3128 ε
408 3067 992 3141 mmoraatemooromesrcnors-
1046 3066 1185 3143 depurat
1214 3066 1323 3128 cibum
1358 3065 1436 3127 fidei
1470 3067 1610 3138 nosirae,
1636 3066 1734 3144 Juxta
1763 3063 1846 3126 illud

194 3169 248 3228 tos
261 3165 290 3245 (I
302 3167 375 3227 Gor.
394 3181 468 3236 1111,
487 3163 551 3243 13).
567 3167 614 3224 De
625 3164 690 3225 ista
705 3163 786 3225 dicit
799 3165 965 3241 Propheta
981 3181 989 3222 ε
1046 3165 1169 3226 Exodi:
1182 3182 1200 3226 ο
1211 3166 1286 3228 Non
1302 3164 1483 3226 comedetis
1493 3179 1587 3227 exeo
1600 3163 1737 3225 crudum
1753 3161 1843 3241 quid,

192 3265 392 3338 concrescet
414 3278 520 3337 avcpcr
542 3277 622 3323 cum
644 3263 790 3335 speruus
810 3265 992 3337 sapientia
1045 3263 1098 3324 vel
1114 3263 1242 3325 coctum
1264 3278 1362 3340 aqua,
1378 3263 1434 3323 sed
1452 3277 1565 3324 assum
1589 3263 1718 3324 tantum
1736 3261 1847 3338 igni»

193 3363 230 3424 et
245 3362 433 3424 intellectus
447 3358 505 3438 (Is.
521 3376 567 3432 xr,
583 3358 630 3437 2).
1047 3359 1166 3442 (Exod.
1189 3375 1251 3434 111,
1274 3360 1320 3441 9).
1343 3359 1502 3423 Calefacit
1526 3359 1716 3438 repellendo
1740 3358 1847 3436 frigus

232 3463 300 3520 Has
315 3475 394 3535 ergo
410 3459 503 3530 duas,
519 3458 659 3535 primam
673 3458 839 3532 videlicet,
860 3460 893 3522 ct
906 3477 993 3538 praa-
1047 3459 1262 3534 infidelitatis,
1274 3459 1371 3537 juxta
1385 3459 1467 3519 illud
1490 3475 1531 3518 :c
1547 3461 1662 3535 Surge,
1678 3458 1811 3535 Aquilo,
1826 3473 1846 3518 s

190 3559 324 3635 cipuam
342 3557 495 3634 infigura
512 3557 599 3632 ignis
622 3560 655 3618 et
676 3557 798 3634 linguae
811 3574 870 3635 per
886 3558 994 3636 Spiri—
1046 3558 1164 3621 ventus
1187 3559 1315 3620 scilicet
1334 3556 1485 3633 frigidus,
1508 3557 1541 3618 et
1558 3557 1665 3619 sveni
1681 3556 1846 3627 duston»

192 3659 261 3717 tum
287 3658 443 3716 Sanctum
459 3655 619 3716 hodierna
637 3654 691 3715 die
707 3655 857 3718 Christus
873 3656 993 3718 inludit
1046 3656 1134 3733 ignis
1157 3657 1299 3734 Spiritus
1323 3656 1444 3728 Sancti,
1463 3671 1527 3733 quo
1546 3654 1722 3732 repellitur
1739 3653 1845 3730 frigus

192 3753 369 3830 apostolis,
390 3768 473 3828 quos
488 3752 651 3812 missurus
672 3752 744 3812 erat
762 3752 798 3811 in
816 3753 940 3825 orbem,
958 3755 993 3815 ut
1047 3754 1265 3815 infidelitatis.

193 3849 413 3928 praedicarent
444 3848 662 3922 Evangelium
695 3850 785 3909 omni
817 3852 991 3913 creaturae.
1087 3852 1187 3914 Luxit
1208 3851 1307 3913 etiam
1325 3851 1360 3912 in
1373 3851 1551 3928 apostolis,
1569 3851 1699 3930 quando
1714 3849 1842 3928 praedi-

192 3947 309 4010 Inhoc
324 3947 397 4010 loco
403 3947 590 4024 junguntur
608 3945 696 4021 ignis
716 3947 748 4008 et
766 3947 893 4024 lingua,
910 3965 994 4027 quo-
1048 3953 1209 4013 caverunt
1233 3949 1371 4027 ubique,
1405 3950 1545 4011 Domino
1569 3949 1789 4026 cooperante,
1811 3949 1846 4012 et

193 4047 284 4108 niam
311 4044 536 4122 apparuerunt
562 4044 630 4105 illis
657 4045 838 4122 dispertitae
857 4047 991 4125 linguae,
1048 4047 1476 4119 sermonemcontirmante‚
1497 4047 1711 4126 sequentibus
1726 4047 1842 4123 signis.

193 4147 352 4222 tanquam
375 4144 474 4220 ignis.
501 4142 592 4218 Ignis
616 4145 742 4216 autem,
769 4143 904 4219 tratres,
930 4146 992 4208 etsi
1048 4151 1128 4210 Cum
1152 4147 1337 4208 illuxerunt
1358 4144 1599 4221 fulgurationes
1630 4161 1746 4207 eorum
1769 4144 1843 4207 orbi

193 4245 315 4305 multas
331 4242 452 4303 babeat
466 4241 696 4317 proprietates,
711 4241 772 4302 has
790 4244 901 4304 tamen
917 4261 994 4322 sep-
1047 4248 1157 4318 terrae,
1172 4246 1300 4308 viditet
1314 4245 1478 4306 commota
1497 4245 1548 4305 est
1565 4245 1665 4306 terra.
1681 4244 1844 4306 Exustio-

192 4342 259 4402 tem
270 4340 402 4401 videtur
413 4338 536 4400 babere
547 4338 709 4402 notabiles
720 4342 818 4417 atque
828 4342 989 4419 insignes.
1047 4360 1123 4406 nem
1147 4344 1302 4421 operatus
1330 4343 1380 4403 est
1402 4342 1437 4402 in
1465 4341 1607 4419 saphira
1630 4342 1664 4403 et
1688 4342 1840 4414 Anania,

195 4438 284 4514 ignis
309 4438 396 4498 enim
421 4438 518 4510 lucet,
534 4437 612 4510 urit,
631 4438 775 4509 roborat,
790 4443 920 4516 purgat,
934 4442 994 4502 de-
1048 4457 1129 4519 quos
1140 4457 1206 4502 non
1221 4440 1329 4501 decuit
1340 4440 1475 4501 mentiri
1486 4439 1625 4516 Spiritui
1640 4440 1772 4501 Sancto.
1783 4443 1846 4502 Ro·

196 4537 313 4608 siccat,
344 4534 506 4612 decoquit,
541 4538 575 4596 et
606 4535 769 4598 calefacit.
804 4539 908 4600 Lucet
933 4556 994 4617 ρον
1046 4540 1178 4601 beravit
1201 4539 1233 4600 et
1259 4536 1415 4599 solidavit
1438 4537 1590 4610 Paulum,
1616 4537 1745 4616 dequo
1773 4538 1843 4601 ait:

195 4632 415 4710 splendorem,
439 4633 507 4694 urit
529 4648 589 4710 per
615 4635 910 4711 consumptionem,
937 4654 994 4698 ro·
1053 4641 1119 4700 Vos
1138 4637 1312 4698 electionis
1324 4639 1411 4696 mibi
1424 4636 1476 4697 cst
1492 4635 1568 4708 istc,
1584 4635 1624 4697 ut
1639 4636 1758 4710 portet
1777 4651 1844 4698 no-

196 4731 292 4793 borat
311 4730 529 4792 ministrando
544 4731 643 4804 vires,
659 4735 779 4808 purgat
791 4735 991 4798 removendo
1046 4751 1127 4797 oren
1139 4734 1456 4810 oneumuntercges
1473 4733 1506 4794 et
1522 4731 1842 4812 prosedamum,

195 4829 323 4900 sordes
338 4830 482 4890 desIccat
501 4830 711 4906 reprimendo
733 4832 916 4904 humorem,
934 4833 994 4895 de·
1047 4832 1112 4912 15).
1130 4831 1291 4908 Purgavit
1314 4831 1348 4892 et
1369 4829 1575 4892 examinavit
1595 4831 1769 4908 martyres,
1786 4832 1844 4908 qui

197 4925 309 5002 coquit
334 4928 552 5002 praeparando
579 4928 682 5000 cibos,
706 4929 859 4992 calefacit
879 4933 992 5008 repel-
1048 4931 1179 4993 dicunt:
1201 4948 1219 4991 ι
1243 4930 1322 5006 Igne
1346 4943 1397 4990 me
1423 4928 1623 4990 examinasti
1646 4933 1680 4990 et
1706 4930 1846 4991 nonest

198 5023 295 5084 londo
316 5023 432 5098 frigus.
445 5026 531 5100 Ergo
546 5027 635 5087 lucet
648 5027 683 5085 in
698 5026 908 5102 candelabro,
926 5031 994 5094 urit
1047 5030 1182 5093 inventa
1206 5028 1241 5090 in
1268 5043 1320 5088 me
1343 5025 1502 5104 iniquitas
1515 5025 1543 5106 l»
1563 5023 1632 5106 (Pa.
1657 5029 1705 5098 16,
1723 5027 1770 5106 3),
1787 5027 1845 5104 qui

197 5123 339 5201 paleam,
356 5121 491 5184 roborat
510 5124 638 5194 testam,
650 5125 770 5200 purgat
783 5140 913 5202 amum,
934 5129 993 5190 de-
1047 5129 1147 5192 atiam
1161 5127 1197 5187 in
1211 5125 1320 5187 medio
1336 5124 1422 5200 ignis
1439 5140 1506 5186 non
1528 5126 1607 5186 sunt
1620 5125 1764 5186 aestuati.
1780 5128 1846 5187 De-

198 5221 301 5282 siccat
326 5236 486 5298 pannum,
513 5220 666 5300 decoquit
691 5222 812 5297 cibum,
841 5225 994 5290 calefacit
1047 5226 1186 5290 siccavit
1209 5225 1336 5286 fluxum
1358 5222 1613 5295 Hemorroissae,
1628 5223 1760 5299 quando
1777 5239 1844 5286 non

198 5320 334 5382 nudum·
1048 5327 1201 5388 naturam
1214 5322 1268 5384 vel
1290 5321 1469 5392 bominem,
1482 5319 1538 5381 sed
1558 5320 1640 5382 vitia
1654 5321 1687 5382 ct
1709 5323 1844 5398 peccata

234 5418 284 5481 Ad
308 5419 396 5479 bunc
423 5413 556 5478 modum
579 5419 668 5494 ignis
692 5421 767 5492 iste,
789 5423 847 5501 qui
872 5422 913 5486 de
934 5425 992 5487 illa
1046 5423 1229 5486 restrinxit.
1253 5418 1404 5482 Desiccat
1424 5418 1524 5480 etiam
1548 5419 1720 5480 humorem
1742 5418 1845 5482 luxu-

197 5533 297 5594 super
310 5517 436 5579 coelesti
451 5515 598 5591 regione,
616 5517 672 5578 ubi
690 5519 748 5581 ille
762 5521 797 5582 in
815 5538 880 5599 quo
894 5524 992 5586 tene-
1047 5525 1106 5587 riae
1128 5523 1164 5584 in
1177 5519 1375 5597 virginibus
1398 5517 1440 5580 de
1461 5517 1599 5597 quibus:
1620 5520 1762 5580 Hieroni
1784 5523 1845 5594 mu

196 5617 264 5678 brae
278 5631 343 5677 non
358 5615 435 5676 sunt
448 5614 534 5687 ullae,
550 5614 657 5676 lucem
672 5609 799 5681 habitat
811 5620 993 5686 inaccessi·
1046 5639 1125 5688 cum
1158 5606 1359 5687 rabidioribus
1390 5631 1459 5694 ateva
1474 5617 1568 5679 ,sunt
1592 5617 1840 5692 coinquinati...
