4066 6294
82 341 116 404 93
713 287 823 350 ORDO
845 289 1059 352 ROMANUS.
1657 337 1695 399 94

116 461 863 541 consuetudoetiamestolerlcorum,utquan-
914 463 1026 528 veniat
1047 463 1152 530 dictus
1179 461 1398 542 primicerius,
1432 462 1479 526 ita
1510 461 1594 542 quod
1625 461 1696 542 ipse

84 555 242 618 docuram
262 557 387 620 iaciunt
407 557 515 627 altari,
538 559 717 621 secundum
734 559 861 635 tempus
915 561 958 622 sit
980 562 1029 629 11,
1053 560 1086 622 01
1109 559 1297 623 officiabunt
1317 559 1488 622 ecclesiam
1509 559 1543 619 in
1562 558 1695 636 Vigilia,

85 653 307 730 procurentur,
333 654 365 714 et
389 654 466 715 inde
497 654 661 730 accipiant
692 654 862 716 denarium
915 656 1094 726 Matutinis,
1117 659 1150 718 et
1167 657 1270 718 Missa
1284 679 1291 717 :
1305 656 1338 718 01
1357 654 1617 733 procurabuntur
1633 655 1696 732 ipsi

85 766 174 809 unum
198 748 407 826 Papiensem.
439 752 503 810 Pro
534 749 705 811 abluendis
735 766 862 828 quoque
915 753 947 813 et
959 751 1023 813 duo
1035 767 1147 814 eorum
1160 753 1338 813 servientes
1352 752 1504 814 decenter
1518 752 1550 814 et
1561 751 1696 814 honeste

85 846 128 907 rel
139 845 359 906 resarciendis
367 845 485 922 pannis
493 845 546 906 rel
555 846 690 908 cortinis
701 846 861 916 ecclesiae,
915 847 1029 909 inillis
1042 847 1188 916 cibariis,
1204 847 1321 925 quibus
1344 849 1518 910 conventui
1537 849 1697 910 servietur

85 941 220 1004 clavibus
243 943 277 1002 01
299 941 404 1009 ostiis,
425 940 571 1019 precium
590 942 686 1003 datur
707 942 747 1003 de
766 941 863 1002 altari
915 944 951 1006 in
971 945 1043 1020 ipsa
1063 944 1138 1004 die:
1159 945 1191 1005 et
1209 958 1268 1020 pro
1289 959 1348 1004 sua
1366 943 1516 1006 mercede
1538 943 1697 1021 recipient

87 1038 303 1124 demedietate
316 1038 554 1115 episcoporum.
566 1039 684 1098 Omnes
696 1037 863 1114 lampades
916 1041 1042 1101 sextam
1054 1039 1180 1117 partem
1193 1039 1392 1100 oblationum
1416 1039 1551 1116 majoris
1570 1039 1695 1108 altaris,

86 1137 113 1196 01
127 1135 248 1196 baciles
269 1134 503 1195 canonicorum
522 1134 607 1194 sunt.
629 1135 747 1194 Omnes
767 1132 861 1195 obla·
916 1134 1076 1195 duntaxat
1101 1133 1137 1193 in
1156 1133 1273 1209 spatio,
1295 1148 1359 1210 quo
1380 1133 1481 1194 Missa
1502 1132 1695 1200 celebratur,

86 1235 189 1303 tiones,
206 1246 280 1307 quae
292 1230 429 1290 veniunt
441 1228 481 1290 ad
497 1245 614 1292 manue
627 1229 770 1306 episcopi
782 1227 864 1290 beb-
916 1246 1013 1307 super
1023 1229 1103 1292 illud
1117 1229 1312 1292 cadentium.

87 1326 259 1388 domadarii
291 1326 406 1387 altaris
438 1325 590 1402 majoris,
623 1325 782 1386 medietas
814 1325 864 1386 est
955 1328 1092 1402 Insuper
1103 1326 1173 1402 ipse
1185 1325 1392 1402 primicerius
1405 1324 1573 1402 recipitab
1588 1324 1696 1386 eccle-

88 1426 177 1502 ipsius
201 1422 361 1500 episcopi,
383 1421 416 1482 01
438 1421 596 1482 medietas
617 1421 860 1489 canonicorum,
916 1421 965 1482 sia
978 1422 1059 1482 duos
1081 1421 1203 1482 solidos
1226 1422 1472 1483 Provisinorum
1491 1422 1623 1482 senatus
1639 1435 1698 1496 pro

87 1521 295 1599 preterquam
307 1518 347 1580 de
361 1531 446 1596 pane
458 1518 491 1580 et
501 1517 590 1586 vino,
604 1517 689 1595 quod
701 1517 752 1578 esi
762 1532 863 1578 cano-
915 1516 1081 1592 mercede;
1107 1517 1140 1578 et
1162 1517 1385 1593 unusquisque
1407 1517 1639 1578 canonicorum
1661 1517 1700 1575 12

88 1620 233 1679 nieorum.
916 1612 1084 1681 denarios,
1112 1613 1305 1690 computatis
1330 1613 1365 1672 in
1388 1613 1549 1690 praescnte
1574 1625 1699 1672 summa

119 1717 153 1775 In
164 1711 283 1774 Natale
295 1709 426 1772 Domini
439 1708 479 1770 de
502 1708 675 1771 medietate
687 1708 861 1786 episcopo·
916 1707 1060 1769 denariis
1085 1709 1168 1777 illis,
1197 1709 1252 1785 qui
1280 1708 1399 1769 dantur
1428 1708 1615 1768 cantoribus
1639 1721 1699 1784 pro

88 1809 239 1872 rumduas
254 1806 291 1887 (i.
318 1803 465 1884 saumas)
488 1805 616 1866 laumas
628 1805 668 1865 de
679 1804 791 1866 merlis
803 1819 862 1881 pro
915 1804 1145 1880 responsoriis
1160 1807 1229 1864 Hoc
1237 1804 1345 1864 autem
1353 1803 1575 1879 utraquepars
1587 1802 1700 1864 obser-

89 1899 863 1970 ecelesia:etsimiliterinResurrectione,Nataii
914 1914 994 1970 vare
1017 1899 1147 1962 tenetur
1171 1899 1206 1958 in
1232 1897 1381 1960 omnibus
1406 1896 1473 1958 illis
1496 1897 1599 1966 iestis,
1626 1913 1698 1974 quae

91 2001 183 2064 sancti
203 1998 368 2064 iohannis
399 1997 571 2077 Baptistae,
595 2001 628 2060 01
649 1996 732 2060 festo
757 1997 863 2059 sancti
916 1994 1147 2056 Lateranensis
1160 1993 1299 2056 eeclesia
1311 1993 1452 2056 voluerit
1465 1993 1620 2068 praedicto
1639 2008 1697 2054 or-

92 2097 270 2162 salvatoris.
916 2089 993 2150 dine
1013 2090 1191 2158 celebrare,
1212 2089 1245 2150 et
1264 2090 1305 2150 ad
1327 2105 1366 2151 ea
1387 2088 1610 2165 primicerium
1626 2105 1700 2150 cum

917 2184 1031 2245 schola
1051 2185 1183 2245 duxerit
1199 2183 1398 2246 invitandos.
1420 2183 1483 2244 Sed
1501 2183 1536 2243 in
1550 2183 1700 2244 omnibus

230 2318 335 2380 Aliud
345 2315 512 2392 mptum
523 2313 705 2375 recentius·
917 2280 1111 2342 stationibus
1127 2280 1358 2341 lateranensis
1379 2277 1526 2340 ecclesiae
1542 2278 1700 2356 primice-

574 2433 579 2438 .
917 2376 987 2437 rius
1010 2377 1043 2438 et
1063 2376 1188 2444 schola,
1210 2375 1310 2437 etiam
1332 2389 1398 2436 non
1423 2374 1565 2442 inritati,
1588 2376 1701 2438 venire

123 2481 300 2544 innomine
320 2477 451 2542 Domini
471 2491 576 2538 amen.
590 2476 684 2535 Anno
701 2471 864 2540 113010-
918 2471 1035 2533 debent
1050 2471 1089 2532 ad
1106 2469 1313 2537 serviendum
1328 2471 1363 2530 in
1380 2469 1486 2531 officio
1499 2471 1608 2531 missae
1621 2471 1700 2532 tan-

93 2580 157 2640 1101.
170 2581 198 2647 5,
210 2576 388 2640 conventio
404 2573 482 2636 talis
493 2571 580 2637 iacta
593 2571 643 2632 est
660 2569 747 2630 inter
764 2568 865 2628 Late·
918 2566 997 2636 tum,
1007 2582 1066 2642 pro
1074 2582 1133 2626 sua
1145 2565 1295 2626 mercede
1307 2564 1390 2625 nibil
1402 2564 1492 2626 aliud
1505 2567 1700 2642 percepturi,

93 2691 254 2736 renensem
288 2671 478 2739 ecelesiam,
513 2669 547 2730 01
576 2664 799 2744 primicerium
834 2663 866 2723 01
918 2662 984 2722 nisi
996 2661 1122 2722 sextam
1139 2661 1264 2736 partem
1284 2660 1483 2722 oblationum
1497 2661 1632 2737 majoris
1646 2663 1701 2724 al-

94 2772 223 2833 scbolam
235 2770 423 2835 cantorum,
437 2765 522 2843 quod
534 2763 652 2842 ipsein
664 2761 745 2830 sesto
760 2757 865 2820 sancti
917 2757 1000 2820 iaris
1012 2756 1150 2826 tantum,
1164 2756 1249 2819 sicut
1261 2771 1360 2833 supra
1373 2755 1530 2833 scriptum
1540 2757 1602 2818 est.

95 2869 238 2930 lobannis
264 2865 422 2946 Baptista
444 2877 519 2926 oum
543 2861 655 2924 decem
679 2855 865 2920 cantoribus

797 3216 977 3272 ERRATA

128 3427 283 3496 00119,οο
298 3424 344 3496 36,
360 3438 395 3480 au
409 3422 466 3480 11ου
474 3419 509 3479 (10
520 3423 635 3486 Πονσχα,
646 3418 713 3476 lisez
729 3435 735 3474 :
750 3417 842 3482 Πάσχα

127 3525 226 3582 Auliou
240 3523 278 3582 de
295 3539 301 3580 :
321 3521 491 3584 Πανσίΰασμι,
504 3518 587 3579 iim:
604 3517 790 3580 Πανσέὀασμον.

731 3839 1049 3862 μ
