4004 6302
235 286 294 346 807
698 285 874 348 HONORll
897 285 942 347 111
963 285 1112 352 OPERt.
1127 287 1416 352 -SERMONDs

1820 297 1885 358 808

235 443 375 522 quilibet
394 443 565 522 tyrannus,
580 459 640 506 seu
653 445 768 506 mundi
783 446 904 520 seclus,
924 445 1032 510 tribu-
1087 446 1284 520 meretricis,
1302 448 1338 510 ut
1357 447 1462 510 nollet
1477 448 1658 526 aliquande
1679 451 1885 516 erusbescere

236 542 378 605 lationes
391 542 564 603 inferendo
580 543 614 604 et
627 542 690 604 iste
706 543 889 605 uincendus
909 540 960 606 e'st
973 559 1030 605 se·
1080 543 1150 618 jam
1164 544 1199 604 in
1214 543 1293 605 sede
1307 546 1454 621 pudoris,
1469 547 1566 619 idest,
1591 547 1698 610 trente
1713 565 1885 614 verecun-

235 641 379 702 cundum
394 640 496 701 illud:
519 640 633 702 Nolite
647 641 771 702 timere
790 656 848 704 eos
866 643 924 715 oui
942 645 1031 703 ocei-
1085 637 1173 700 diam
1189 640 1356 715 praeierat,
1372 642 1697 706 eterubescatinhis
1712 645 1885 723 inquibus

234 739 320 800 dunt
343 752 468 813 eorpus
492 736 622 817 (Matth.
647 754 685 811 x,
712 737 777 816 28).
807 739 865 800 Et:
891 741 1029 814 Dilipite
1083 736 1213 796 nullum
1235 736 1351 800 habuit
1372 738 1525 812 fructum,
1540 743 1682 818 necjam
1706 742 1883 805 erubescat

233 839 391 898 inimicos
428 835 584 907 uestros,
623 835 657 897 et
695 850 764 897 nou
805 837 1030 908 uosrueiipses
1084 847 1170 905 eum,
1194 834 1250 911 qui
1279 835 1489 898 confitebitur
1517 837 1626 914 ipsum
1651 855 1762 903 coram
1786 840 1883 918 patre

233 931 364 1011 (Mattn.
385 947 435 1004 111,
451 930 517 1010 44).
534 932 665 995 Tertius
684 932 790 994 hostis
809 933 916 1004 necet,
944 932 1030 994 idest
1083 945 1154 990 sue.
1188 933 1267 992 liaec
1299 933 1350 994 est
1380 933 1527 996 visitatio
1560 935 1704 998 dexterae
1738 937 1879 1012 excelsi,

233 1029 383 1091 diabolus
402 1029 601 1092 tentationes
620 1029 840 1106 suggerendo,
857 1045 954 1106 quem
973 1045 1030 1092 re-
1083 1026 1214 1104 quando
1237 1030 1391 1106 peccator
1409 1047 1469 1107 per
1491 1033 1718 1110 poenitentiam
1737 1035 1771 1096 et
1790 1051 1878 1096 cen-

232 1127 356 1205 pellere
384 1115 540 1188 debemus
569 1126 837 1202 suggestionibus
864 1143 931 1188 non
948 1142 1029 1188 con·
1081 1122 1250 1185 tritionem
1261 1127 1370 1189 cerdis
1379 1128 1539 1206 relinquit
1549 1129 1715 1191 diabolum
1726 1131 1759 1193 et
1768 1131 1882 1194 adhae-

231 1224 415 1296 sentiendo,
432 1223 517 1287 sicut
531 1225 690 1302 scriptum
705 1225 756 1286 est
770 1245 778 1284 :
791 1225 906 1288 Nolite
917 1229 1028 1286 woum
1081 1222 1133 1283 ret
1146 1221 1286 1294 Christe,
1302 1223 1442 1301 despicit
1457 1225 1624 1288 mundana
1638 1231 1671 1290 et
1691 1227 1827 1302 caduca,
1844 1231 1882 1292 et

177 1369 178 1374 ,
231 1325 465 1395 aareamooro,
476 1326 537 1384 sea
550 1322 713 1395 resistite,
725 1322 759 1384 et
773 1323 882 1398 sapiet
894 1337 917 1384 a
934 1324 1028 1384 eoois
1082 1316 1191 1394 diligit
1205 1320 1352 1382 coelestia
1365 1321 1398 1384 et
1413 1323 1549 1384 aeterna.
1566 1324 1606 1386 st
1618 1324 1698 1386 tunc
1717 1327 1882 1388 Dominus

237 1418 333 1499 (liph.
350 1435 394 1492 rr,
410 1422 451 1482 27
464 1442 472 1496 ;
487 1422 558 1481 Jac.
572 1435 617 1492 tv,
628 1418 675 1498 7).
1081 1414 1173 1476 vadit
1187 1416 1223 1476 in
1245 1417 1412 1480 civitatem
1427 1420 1537 1494 Naim,
1554 1422 1686 1499 quande
1700 1422 1750 1486 sic
1764 1423 1883 1490 visitat

271 1516 450 1577 Videamus
460 1518 572 1592 igitur,
582 1515 746 1593 quomedo
759 1516 919 1578 Dominus
928 1517 1027 1580 iesus
1081 1527 1215 1574 carnem
1230 1515 1388 1576 nostram.

231 1614 332 1676 vadat
345 1614 381 1674 in
400 1614 567 1676 civitatem
586 1613 695 1686 Naim,
711 1614 808 1687 idest,
830 1613 872 1676 ad
892 1629 1026 1677 carnem
1124 1610 1273 1673 titillant
1292 1625 1370 1674 cum
1385 1615 1440 1676 ilio
1454 1617 1610 1689 discipuli
1627 1618 1704 1688 diiii
1717 1617 1753 1679 θί
1777 1618 1882 1682 turba

232 1712 422 1772 humanam.
436 1714 527 1772 Tunc
541 1711 700 1773 Dominus
714 1711 805 1772 vadit
826 1712 958 1789 quande
974 1713 1028 1774 vi·
1080 1709 1217 1782 eopiosa
1235 1705 1319 1788 (Luc
1341 1725 1400 1782 vn,
1421 1708 1467 1791 2).
1489 1712 1650 1790 Discipuli
1675 1714 1831 1778 dicuntur
1855 1732 1879 1779 a

232 1809 309 1870 sitat
330 1825 415 1880 eam,
433 1808 521 1870 idest
532 1808 723 1885 compungit
734 1825 807 1871 eam
818 1810 939 1871 timere
952 1825 1025 1880 suo,
1081 1802 1248 1867 discendo.
1271 1807 1432 1883 Discipuli
1449 1809 1527 1870 sunt
1544 1809 1645 1872 timer
1662 1810 1696 1873 et
1711 1827 1814 1886 amer,
1830 1813 1880 1875 u-

230 1907 264 1968 et
277 1905 444 1969 illuminat
458 1907 551 1968 illam
563 1906 657 1968 radio
677 1922 746 1967 suae
758 1906 1023 1980 illuminationis,

231 2004 265 2066 et
293 2003 512 2081 inspiratione
542 2003 685 2081 Spiritus
717 2005 840 2065 Sancti.
876 2004 970 2066 Unde
992 2004 1026 2065 in

229 2101 361 2164 cantico
376 2103 545 2164 Zachariae
562 2123 569 2163 :
589 2103 747 2164 Visitaait
764 2117 827 2186 nos
846 2105 963 2164 oriens
979 2117 1026 2164 eer

230 2201 298 2262 aiio
314 2197 406 2278 (Luc.
423 2215 447 2271 1,
463 2197 528 2279 78).

272 2297 420 2368 Quatuor
433 2297 540 2358 modis
554 2296 701 2359 visitatio
714 2296 906 2375 completur.
921 2295 1028 2358 Exhi-

229 2391 355 2456 bitiene
374 2395 547 2472 precepti,
572 2393 752 2473 asperitate
769 2395 904 2470 flagelli,
927 2394 1026 2456 nevi·-

229 2492 297 2554 tate
327 2491 492 2565 miraculi,
524 2491 557 2554 et
579 2492 799 2570 inspiratione
824 2491 948 2556 subtili.
980 2494 1026 2552 De

231 2590 340 2668 primo
374 2589 512 2666 legitur,
546 2589 582 2652 in
621 2590 825 2667 Evangelio:
858 2591 1027 2664 Infirmus

230 2703 340 2760 eroon
357 2687 391 2749 et
409 2688 577 2754 visitastis
595 2703 671 2760 rue;
685 2691 724 2750 in
744 2703 896 2760 earcere,
913 2688 947 2750 et
962 2703 1026 2750 ae·

232 2786 334 2848 nistis
350 2789 396 2848 ad
409 2801 466 2848 rue
482 2783 611 2856 (Matth.
636 2801 715 2858 xxv,
731 2783 797 2864 86).
815 2788 861 2847 De
880 2785 1025 2846 secunde

231 2883 279 2945 ait
292 2883 454 2944 ieremias
467 2898 542 2944 cum
557 2881 795 2958 affligeretura
811 2881 937 2944 Judaeis
952 2903 960 2942 :
977 2886 1026 2944 Tu

231 2983 309 3053 sets,
325 2984 481 3053 Domine,
495 2983 682 3042 recordare
700 2983 780 3041 niet.
803 2980 909 3041 Visite
922 2995 978 3040 rue
992 2981 1027 3041 et

228 3092 313 3140 erue
329 3093 385 3138 me
399 3080 439 3138 ad
460 3081 513 3138 itis
527 3079 585 3151 pai
608 3077 868 3161 persequuntur
884 3090 940 3136 rue
955 3077 1027 3155 (Je-

229 3189 312 3235 rem.
327 3191 382 3242 xv,
395 3175 456 3249 15).
470 3175 510 3235 Et
523 3174 558 3234 in
564 3173 697 3234 Psalmo
709 3173 772 3252 (88,
786 3171 840 3251 33)
853 3194 860 3234 :
880 3174 1026 3235 Visitaoo

230 3276 267 3333 tn
282 3276 383 3347 uirpa
397 3271 597 3344 iniquitates
616 3285 748 3342 eonem,
769 3271 803 3332 et
820 3273 856 3332 in
871 3273 1027 3332 verberi-

230 3371 291 3432 bus
301 3369 442 3444 peccata
451 3383 583 3430 eorntrn.
596 3370 642 3429 De
654 3368 752 3430 tertie
764 3367 845 3429 dicit
857 3369 975 3432 Petrus
990 3369 1025 3428 in

229 3467 365 3530 Actibus
385 3465 637 3542 Apostolorum:
656 3466 905 3528 Paenitentiam
920 3467 1023 3542 apite,

228 3566 262 3627 et
291 3565 484 3639 baptizetur
520 3567 753 3638 romanisque
785 3565 953 3625 oestrum.
980 3565 1026 3625 Et

228 3664 392 3738 oppositae
412 3663 493 3723 sunt
514 3665 552 3722 in
575 3664 631 3721 die
654 3661 715 3722 itte
735 3664 863 3722 anime
885 3661 1027 3724 circiter

229 3761 300 3822 tria
320 3763 427 3821 mutia
446 3755 530 3836 (Act.
558 3772 595 3828 11,
617 3758 668 3828 38,
694 3757 757 3832 41).
778 3759 825 3818 De
848 3757 966 3833 quarte
989 3757 1024 3820 in

157 3851 161 3858 '
228 3857 361 3918 Psalmo
379 3852 464 3935 (105,
480 3853 647 3934 4):i⁷isita
665 3867 743 3928 nos,
761 3858 864 3928 Deus,
877 3857 921 3934 ‚in
937 3860 1026 3918 satzi·

228 3955 378 4017 uerae.

267 4056 369 4116 Item:
386 4054 545 4115 Dominus
557 4054 648 4116 vadit
661 4054 703 4116 ad
723 4053 890 4116 civitatem
911 4052 1022 4124 Nalm,

227 4153 356 4229 quoties
371 4167 448 4214 earo
462 4153 575 4214 nestra
592 4151 819 4215 sanctificatur
833 4151 867 4213 et
885 4150 1025 4226 castiga·

225 4251 281 4313 tur
295 4265 355 4328 per
373 4250 554 4328 jejunium,
575 4249 759 4311 orationem
778 4248 811 4310 et
835 4247 1023 4323 largitatem

226 4349 512 4425 eleemosynarum
527 4347 561 4408 et
579 4345 712 4418 similia,
731 4345 829 4406 toties
848 4344 941 4406 vadit
963 4346 1024 4405 Do·

226 4448 337 4508 minus
357 4444 398 4506 ad
413 4445 580 4505 civitatem
593 4443 703 4514 Nalm,
718 4441 814 4513 idest,
831 4440 873 4502 ad
889 4455 1023 4502 carnem

227 4545 387 4605 nostram.
408 4542 502 4604 Unde
520 4538 779 4617 apostatasset
801 4541 846 4598 ad
864 4553 943 4599 earn
959 4553 1022 4599 oe-

226 4644 373 4713 niernus,
387 4641 649 4702 etmansiouene
662 4638 753 4712 apud
767 4650 845 4697 eam
857 4638 1024 4710 tacemus

229 4735 340 4816 (ioan.
352 4753 420 4808 xrs,
436 4734 502 4815 23).
519 4736 559 4796 nt
570 4735 648 4812 quia
663 4732 773 4795 emnia
784 4732 931 4794 membra
946 4749 1023 4794 nes-

1080 1917 1152 1962 mer
1167 1917 1274 1979 poenae
1288 1903 1424 1974 interni,
1438 1905 1471 1967 et
1485 1922 1579 1969 amor
1593 1907 1736 1970 coelestis
1746 1909 1879 1986 gloriae.

1079 2000 1181 2060 Amor
1201 1999 1301 2063 dicit:
1318 2005 1426 2065 Crede
1445 2006 1564 2068 cidere
1583 2008 1670 2068 bonu
1682 2010 1823 2069 Domini
1837 2011 1879 2070 in

1081 2095 1179 2186 terra
1195 2099 1385 2160 viventium
1405 2097 1474 2178 (Pe.
1494 2102 1546 2174 26,
1568 2099 1633 2181 30).
1652 2103 1713 2164 Vel
1731 2125 1739 2164 ε
1760 2105 1875 2166 Disci-

1081 2193 1183 2269 cipuli
1192 2193 1375 2264 dicuntura
1386 2196 1572 2276 disciplina.
1586 2199 1879 2277 DiscipuliChristi

1080 2289 1214 2353 luerunt
1231 2293 1381 2370 Apostoli
1406 2294 1439 2356 et
1465 2295 1584 2357 sancti.
1609 2298 1649 2360 nt
1672 2313 1733 2359 nes
1760 2315 1881 2360 sumus

1081 2387 1234 2466 discipuli
1250 2390 1382 2465 Christi,
1400 2392 1429 2452 si
1443 2391 1601 2455 discimus
1622 2393 1664 2456 ab
1679 2411 1718 2456 ee
1739 2397 1818 2474 quid
1833 2397 1881 2460 sit

1079 2484 1279 2560 iaciendum,
1302 2488 1382 2566 qnid
1410 2491 1606 2564 carendum,
1633 2492 1712 2570 quid
1738 2493 1881 2569 lugien-

1080 2583 1168 2656 dum,
1185 2584 1308 2662 etquid
1322 2586 1367 2648 sit
1380 2587 1568 2649 amandum.
1585 2591 1670 2655 Quid
1681 2590 1729 2652 sit
1741 2591 1883 2664 facien-

1080 2683 1173 2754 dum,
1189 2682 1253 2745 hoc
1267 2683 1317 2746 est
1331 2685 1457 2746 servire
1476 2686 1615 2747 Domino
1638 2687 1673 2748 in
1688 2686 1882 2750 humilitate

1080 2779 1114 2840 et
1134 2781 1398 2843 mansuetudine.
1424 2783 1516 2844 Unde
1535 2784 1607 2860 ipse
1631 2784 1679 2848 ait
1704 2785 1740 2846 in
1763 2787 1882 2848 Evan-

1079 2876 1168 2952 gelio
1180 2894 1188 2933 :
1201 2879 1330 2941 Discite
1345 2895 1368 2940 a
1384 2893 1440 2941 me
1454 2884 1536 2954 quia
1556 2881 1652 2944 mitis
1665 2898 1743 2944 sum
1757 2882 1791 2946 ei
1805 2887 1879 2945 aa·

1079 2976 1172 3036 milis
1184 2978 1287 3037 carde
1302 2974 1432 3055 (nanu.
1448 2992 1496 3050 xr,
1509 2974 1575 3058 29).
1591 2980 1666 3041 Non
1687 2978 1788 3042 dixit:
1805 2980 1880 3042 dis-

1080 3071 1145 3132 cite
1164 3087 1184 3133 a
1206 3081 1260 3134 me
1284 3072 1403 3135 coelum
1423 3089 1549 3147 creare,
1576 3075 1701 3138 terram
1720 3076 1877 3150 fundare,

1081 3169 1228 3230 mertuos
1251 3169 1425 3242 suscitare,
1448 3171 1505 3232 sed
1529 3173 1648 3235 discite
1669 3189 1691 3234 e
1717 3187 1774 3236 me
1793 3177 1880 3248 puta

1079 3266 1176 3328 mitis
1189 3280 1267 3328 sum
1284 3268 1318 3328 et
1328 3271 1467 3330 humitis
1480 3273 1593 3344 ende,
1608 3269 1685 3346 quia
1700 3273 1809 3348 majus
1823 3271 1877 3334 est

1080 3363 1214 3440 propter
1228 3362 1447 3426 humilitatem
1458 3365 1491 3427 et
1504 3367 1793 3430 mansuetudinem
1805 3369 1880 3430 aui·

1080 3476 1168 3522 mam
1201 3459 1389 3533 vivificare,
1418 3477 1516 3539 quam
1545 3464 1665 3526 coelum
1691 3465 1724 3526 et
1750 3465 1880 3528 terram

1080 3556 1230 3620 fundare.
1249 3558 1343 3631 Quia,
1366 3559 1400 3621 et
1422 3559 1452 3620 si
1475 3559 1557 3620 illud
1582 3561 1633 3623 est
1651 3561 1788 3639 majoris
1814 3579 1881 3640 pe·

1083 3655 1203 3727 tentiae,
1217 3654 1307 3718 istud
1319 3656 1430 3718 umen
1444 3657 1496 3720 est
1507 3658 1789 3736 majoris-gratiae.

1121 3751 1278 3829 sequitur
1291 3773 1299 3814 :
1314 3753 1361 3814 Ei
1381 3753 1483 3816 turea
1500 3757 1647 3828 eopiosa.
1661 3755 1770 3816 Turba
1784 3755 1881 3818 dici-

1079 3847 1134 3910 tur
1159 3865 1178 3910 a
1201 3848 1376 3912 turbando.
1411 3851 1566 3927 Legimus
1588 3852 1674 3932 quod
1706 3853 1774 3916 tres
1797 3857 1884 3918 sunt

1078 3946 1183 4010 turbae
1196 3963 1269 4025 quae
1288 3945 1422 4010 turbant
1437 3949 1614 4012 homines:
1639 3949 1746 4028 prima
1768 3951 1877 4014 vitie-

1078 4061 1163 4118 rum,
1181 4044 1325 4107 secunda
1345 4045 1592 4120 cogitationum,
1608 4046 1706 4108 tertia
1721 4049 1881 4124 negotie-

1078 4158 1162 4203 rum.
1179 4142 1242 4204 Sed
1256 4142 1353 4204 turba
1367 4143 1431 4206 ista
1447 4159 1513 4204 non
1533 4143 1646 4206 turbat
1668 4145 1724 4206 sed
1740 4144 1881 4207 contor—

1077 4240 1135 4312 tat,
1151 4239 1228 4318 quia
1244 4241 1294 4302 est
1316 4241 1506 4308 sanctorum
1522 4241 1555 4302 et
1568 4241 1773 4317 angelorum,
1789 4242 1883 4306 sicut

1078 4336 1158 4399 dicit
1178 4340 1323 4400 ioannes
1343 4337 1379 4398 in
1401 4337 1603 4415 apocalysi:
1643 4341 1717 4400 Vidi
1736 4341 1881 4402 turoam

1076 4449 1241 4512 moeream
1253 4449 1359 4509 quam
1380 4437 1604 4496 dinumerare
1623 4449 1724 4497 neruo
1735 4437 1881 4510 poterat

1078 4547 1124 4593 ero
1136 4534 1292 4594 amatote
1301 4531 1501 4608 pontense
1510 4534 1657 4606 populis,
1672 4532 1706 4593 et
1720 4528 1881 4596 tribuous

1077 4629 1111 4689 et
1135 4630 1272 4704 iinpuis,
1299 4628 1432 4690 stantes
1457 4628 1538 4690 ante
1564 4629 1727 4692 tarentum
1753 4625 1874 4707 (Apoc.

1077 4739 1138 4796 vn,
1152 4720 1198 4803 9).

226 4836 279 4895 tra
294 4835 428 4894 suerunt
439 4848 533 4893 arma
554 4830 752 4911 iniquitatis,
769 4831 856 4892 sicut
867 4829 1024 4892 exhibui·
1117 4825 1203 4883 Cum
1217 4820 1335 4884 autem
1347 4822 1642 4896 appropinquaret
1656 4823 1769 4898 porra
1785 4825 1881 4886 etei-

226 4946 300 4992 mus
319 4945 360 4990 ea
376 4929 502 4991 servire
517 4928 736 4990 immunditias
753 4929 786 4990 et
800 4927 968 5004 iniquitati
980 4928 1022 4988 ad
1078 4920 1222 4982 tun.....
1253 4916 1346 4997 (Luc.
1369 4933 1429 4990 vn,
1457 4916 1519 4997 12).
1549 4919 1658 4981 Portas
1677 4918 1776 4998 hujus
1790 4921 1883 4982 civi-

225 5026 446 5104 iniquitatem,
460 5025 507 5086 ita
526 5041 616 5085 nunc
630 5023 811 5086 secundum
830 5025 1022 5101 Apostolum
1076 5015 1154 5078 tatis
1169 5013 1325 5077 dicuntur
1346 5015 1449 5092 portae
1471 5015 1599 5084 mertis,
1624 5017 1702 5093 quia
1717 5033 1805 5078 mors
1820 5017 1881 5078 in-

226 5124 443 5187 exhibeamus
459 5139 499 5184 aa
514 5122 640 5183 seruire
656 5118 796 5198 justitiae
821 5119 856 5180 in
871 5121 1022 5184 sanctiti-
1076 5113 1143 5177 trat
1155 5127 1214 5189 per
1228 5111 1328 5189 ipsas,
1341 5111 1428 5173 unde
1444 5111 1478 5173 in
1491 5112 1645 5174 Psalmo:
1662 5114 1725 5180 Qui
1738 5115 1880 5176 ennias

226 5223 357 5286 catione
381 5219 489 5300 (Rom.
519 5235 571 5292 vr,
602 5217 664 5298 19).
692 5219 793 5295 Cuius
817 5233 896 5293 erge
925 5221 1024 5294 caput
1077 5227 1132 5274 me
1154 5213 1196 5272 de
1212 5209 1327 5282 pertis
1348 5210 1472 5272 mortis
1498 5207 1567 5288 (Pe.
1592 5211 1623 5282 9,
1647 5207 1710 5290 15).
1733 5210 1822 5274 Vitia
1840 5213 1880 5275 et

227 5321 306 5384 elim
322 5332 546 5396 supergressae
562 5316 638 5378 sunt
650 5313 854 5392 iniquitates,
869 5315 938 5390 jam
955 5330 1022 5374 un-
1078 5307 1211 5402 peccata
1228 5305 1384 5368 dicuntur
1405 5307 1507 5383 portae
1527 5305 1654 5378 mertis,
1671 5307 1749 5383 qnia
1762 5323 1821 5384 per
1832 5325 1878 5372 ea

227 5419 284 5496 gat
298 5417 396 5495 caput
410 5429 506 5476 suurn
519 5415 592 5475 oleo
602 5413 727 5476 laetitiae
743 5414 776 5473 et
793 5411 1020 5483 exultationis,
1078 5404 1181 5466 intrat
1195 5419 1295 5474 mers,
1310 5403 1396 5464 idest
1405 5402 1568 5474 diabolus,
1585 5403 1671 5464 sicut
1685 5403 1765 5465 dicit
1778 5406 1796 5466 J
1799 5419 1879 5466 ere-

227 5519 260 5579 et
277 5517 374 5594 juxta
400 5511 561 5590 sapientis
587 5509 763 5572 consilium
792 5523 904 5571 coram
938 5523 1022 5570 cane
1079 5501 1184 5562 miae:
1201 5501 1299 5560 Mors
1313 5499 1459 5560 iutrooit
1467 5513 1534 5572 per
1549 5499 1722 5574 fenestras
1735 5501 1879 5564 nestros

227 5613 335 5695 capite
353 5611 492 5677 inclinet
511 5609 611 5689 eaput
634 5623 741 5672 suum.
761 5606 822 5670 Cui
836 5607 908 5673 erat
930 5605 1023 5671 treus
1078 5599 1160 5680 (ter.
1177 5613 1224 5671 11,
1240 5593 1306 5677 el).
1318 5595 1358 5659 Et
1371 5594 1406 5658 in
1427 5596 1585 5661 Psalmo:
1609 5597 1780 5662 contrivit
1787 5613 1880 5676 por-
