3992 6380
50 324 102 383 837
674 312 718 372 IN
742 310 866 370 COENA
888 309 1049 408 conlati.
1623 317 1683 376 838

49 471 831 561 prasentidonisspiritualibus,aittaattisdatar
882 468 1000 547 Judicll
1026 471 1231 548 potestatem.
1262 471 1356 535 Unde
1382 473 1504 536 lsalas:
1537 477 1614 544 Siai
1637 481 1682 542 aa

48 572 352 649 annosissimae,
365 569 741 640 attissermoscteaitae,
754 571 832 632 otiis
878 569 1106 640 judicandum
1118 571 1287 634 danicae
1306 569 1363 652 (Is.
1384 586 1435 643 nr,
1457 571 1521 654 13).
1539 575 1604 638 sed
1627 575 1683 639 bic

48 689 167 754 perere
180 677 416 748 linguarum...
435 666 463 748 (Ι
478 669 551 729 Cor.
563 669 650 738 xll,8
663 664 788 745 etseq.)
799 666 833 727 et
886 665 926 726 ad
942 667 1062 727 ostium
1077 667 1166 760 stare
1181 667 1240 729 bei
1250 669 1302 732 θε1
1315 669 1492 732 tenebrosa
1503 672 1603 736 corda
1614 672 1680 735 bo-

48 773 195 836 inl'uturo
210 768 341 845 gaudiis
356 765 555 839 coelestibus,
570 766 648 843 quia
662 766 697 826 in
719 762 830 826 sutura
886 764 1011 825 minum
1041 781 1101 842 per
1128 765 1405 830 manifestationis
1438 786 1507 831 suae
1537 772 1680 847 gratiam

47 873 108 933 rita
121 867 314 930 satiabimur
326 866 366 927 de
378 867 457 937 Deo,
468 863 742 942 quiavidebimus
755 878 830 924 eum
886 861 1065 924 illustrare.
1079 863 1173 925 Unde
1185 864 1256 941 ipse
1272 863 1353 929 dicit
1365 867 1400 927 in
1416 869 1617 945 Evangelio:
1634 871 1681 932 at

47 967 210 1038 similest,
227 965 312 1027 facie
325 964 366 1024 ad
381 961 511 1026 lactem.
884 961 1110 1033 manifestabo
1120 964 1153 1022 ci
1162 964 1516 1046 mcaceiipsamdoan.
1529 983 1597 1040 xiv,
1611 966 1677 1048 21).

82 1065 224 1127 Ecclesia
259 1063 382 1126 dicitur
418 1060 632 1138 congregatio
662 1057 828 1130 fidelium,
886 1058 958 1120 Stat
967 1059 1258 1133 ergoDominusad
1272 1061 1392 1123 ostium
1405 1065 1541 1140 paratus
1553 1067 1679 1129 intrare

46 1163 167 1242 quando
185 1163 428 1238 congregantur
453 1160 603 1222 homines
623 1155 663 1218 ad
682 1155 832 1218 tractan-
884 1152 1060 1214 indomum
1070 1155 1343 1230 cordisnostri,et
1350 1159 1461 1234 pulsat
1471 1160 1677 1238 inspirando,

45 1261 162 1322 dumde
177 1260 298 1322 divinis
310 1261 342 1321 et
356 1256 594 1336 spiritualibus,
612 1253 831 1317 sicutdicitur
885 1252 942 1312 aut
962 1251 1173 1328 perverbum
1192 1253 1438 1331 praedicationis
1460 1259 1678 1322 exhortando.

45 1359 76 1420 in
97 1357 296 1434 Evangelio:
327 1359 386 1419 Ubi
410 1361 477 1418 duo
497 1355 558 1418 cai
586 1356 658 1416 tres
681 1365 829 1428 certare·
885 1347 946 1409 Cui
956 1347 1065 1410 cordis
1078 1349 1210 1412 domum
1225 1353 1404 1430 aperimus,
1418 1371 1492 1416 cum
1505 1371 1580 1419 eum
1594 1356 1678 1420 bena

43 1459 109 1534 pati
130 1457 262 1531 sacrarat
276 1457 312 1516 tri
327 1457 466 1516 nomine
479 1467 556 1514 mco
578 1450 709 1531 (Matth.
729 1465 828 1521 xvnr,
884 1443 1052 1522 operando
1067 1449 1278 1526 suscipimus.

43 1553 102 1634 20).
136 1555 236 1614 Coena
278 1550 565 1629 contemplationis
601 1547 723 1610 divinae
759 1547 828 1620 est,
925 1545 1247 1625 Coenatautemipse
1262 1546 1445 1624 nobiscum,
1462 1551 1588 1628 quiain
1603 1569 1677 1615 nos·

44 1651 165 1729 quando
192 1650 339 1712 coelestia
367 1646 638 1726 contemplamus.
667 1647 752 1707 Nam
782 1644 830 1705 ibi
884 1641 937 1703 tra
951 1641 1026 1716 ilde,
1043 1642 1076 1705 et
1088 1643 1174 1706 bono
1190 1661 1290 1724 opere
1303 1646 1502 1724 delectatum
1519 1651 1552 1712 et
1566 1667 1681 1714 coena·
1780 1686 1784 1693 ·

43 1750 175 1810 estrera
197 1748 348 1820 dulcedo,
369 1747 447 1825 quia
466 1746 545 1808 licei
563 1759 703 1822 corpore
725 1742 829 1804 simus
884 1755 957 1801 mus
974 1755 1049 1802 cum
1071 1741 1155 1819 ipso,
1172 1759 1247 1804 cum
1262 1743 1303 1806 de
1318 1746 1390 1822 eJus
1405 1747 1533 1809 auxilio
1552 1751 1679 1826 jucun-

43 1847 189 1920 interra,
210 1849 321 1908 amen
344 1846 413 1908 tota
441 1844 553 1906 anima
574 1843 608 1905 et
628 1843 697 1905 tota
720 1843 829 1903 mente
885 1835 1012 1900 damur.
1035 1841 1075 1902 nt
1091 1841 1170 1903 noia
1191 1841 1270 1918 quia
1296 1858 1363 1904 non
1389 1843 1474 1906 dixit
1497 1848 1678 1923 prandebo,

43 1961 146 2006 sumus
156 1945 193 2006 in
202 1944 296 2016 coelo,
309 1944 394 2006 sicut
402 1942 482 2004 dicit
491 1941 667 2020 Apostolus
679 1957 685 1995 =
697 1941 829 2002 Nostra
885 1935 941 1996 sed
957 1936 1106 2012 coenabo,
1123 1939 1160 2001 ut
1177 1938 1393 2002 beatitudinis
1416 1930 1549 2005 act'ernas
1564 1961 1682 2022 perse-

40 2043 248 2105 conversatio
276 2046 313 2104 a'rt
336 2045 431 2104 coelis
451 2042 504 2103 est
527 2038 664 2119 (Philip.
688 2053 738 2110 111,
761 2035 827 2118 20).
884 2034 1055 2096 verentem
1079 2037 1223 2112 speciem
1248 2037 1411 2101 ostendat.
1437 2042 1537 2102 Coena
1551 2043 1681 2120 tempo-

43 2140 127 2200 Unde
156 2138 321 2202 Jacobus:
346 2137 494 2198 Multam
517 2135 607 2198 aciei
634 2133 829 2208 deprecatio
883 2132 966 2194 ralis
983 2134 1120 2196 miseria
1135 2135 1235 2214 buJus
1256 2136 1334 2198 ritas
1353 2139 1414 2211 est,
1436 2138 1522 2202 sicut
1539 2141 1680 2203 audistis

35 2238 116 2308 jaste·
139 2239 296 2308 αεεῖιῖιια,
326 2239 424 2309 adas
447 2235 561 2296 oratio
582 2232 746 2310 penetrat
768 2247 830 2294 cae·
883 2231 920 2291 iu
943 2232 1143 2310 Evangelio:
1164 2235 1332 2296 surremit
1345 2239 1514 2299 Dominus
1529 2255 1552 2300 a
1570 2255 1677 2303 caena.

39 2337 104 2396 tara
119 2332 203 2414 (Jac.
217 2351 249 2407 v,
265 2332 330 2414 16).
883 2328 931 2390 Ab
946 2328 1010 2391 hac
1025 2347 1120 2393 crana
1133 2331 1291 2393 Dominus
1307 2334 1465 2407 surrexit,
1488 2336 1566 2412 quia
1582 2353 1600 2398 a
1617 2339 1682 2400 mi-

76 2435 137 2496 lsta
161 2433 301 2495 dulcedo
327 2432 465 2494 vocatur
488 2427 732 2506 contemplatio,
754 2443 828 2506 quae
884 2427 1182 2505 seriahujusritae,
1197 2430 1363 2506 provehis
1376 2431 1442 2493 cito
1458 2449 1493 2493 sc
1506 2435 1681 2497 essetran·

39 2529 152 2592 dicitur
180 2529 320 2602 secreta,
351 2529 429 2608 quia
463 2543 561 2589 nemo
593 2527 701 2604 potest
734 2526 828 2586 illam
884 2525 1025 2586 siturum
1041 2526 1196 2589 ostendii.
1214 2528 1307 2589 Unde
1322 2531 1468 2591 loannes
1483 2531 1518 2592 in
1538 2532 1601 2594 boc
1622 2549 1682 2597 eo-

39 2629 127 2701 scire,
143 2627 253 2708 (tanta
270 2629 320 2690 est
339 2627 477 2688 dulcedo
493 2623 667 2706 orationis)
686 2624 752 2685 nisi
771 2624 828 2701 qui
883 2623 957 2685 dem
967 2625 1166 2700 Evangelio:
1186 2627 1511 2699 Veattejasbcraat
1522 2631 1681 2694 transeat

40 2727 162 2804 accipit.
190 2727 249 2789 Est
273 2726 383 2788 autem
413 2722 659 2800 contemplatio
697 2722 828 2800 quando
882 2735 929 2782 cca
943 2727 1005 2784 boc
1019 2725 1147 2784 mundo
1163 2721 1272 2802 (Joan.
1290 2739 1365 2797 1111,
1381 2722 1425 2803 1),
1442 2726 1538 2801 idest,
1556 2745 1599 2790 ex
1611 2729 1680 2790 mi-

39 2824 152 2902 allquis
180 2824 230 2886 est
258 2823 404 2886 intentus
435 2823 477 2883 ad
508 2821 715 2896 orationem;
745 2820 829 2882 vidit
883 2819 971 2882 seria
993 2820 1093 2899 hujus
1119 2821 1234 2882 mundi
1269 2821 1310 2883 ad
1346 2823 1491 2894 Patrem,
1511 2827 1589 2903 quia
1616 2829 1680 2890 etsi

38 2923 135 2984 oculis
149 2923 261 2985 cordis
276 2923 389 2984 divina
403 2920 456 2984 rel
472 2920 630 2991 coelestia,
647 2918 730 2997 'quia
749 2919 827 2980 tunc
882 2917 1079 2980 homointer
1091 2918 1242 2981 homines
1253 2921 1455 2997 apparuerit,
1470 2922 1581 2985 tamen
1592 2925 1681 2987 inter

39 3021 116 3080 heus
135 3020 265 3082 revelat
282 3020 313 3081 ei
331 3019 538 3096 splendorem
560 3016 676 3093 gloriae
698 3031 779 3089 suae,
796 3016 829 3078 ei
882 3014 981 3092 hujus
1006 3016 1121 3077 mundi
1149 3017 1257 3080 motus
1280 3018 1417 3082 immota
1444 3021 1587 3098 vestigia
1607 3039 1689 3084 ser··

37 3113 267 3180 beatitudinem
291 3117 395 3179 futuri
420 3115 547 3178 saeculi.
569 3115 663 3178 Unde
687 3114 827 3191 legimus
882 3115 984 3175 ravit.

38 3215 68 3275 in
94 3217 226 3289 Genesi,
256 3217 343 3294 quod
364 3216 436 3277 Noe
462 3215 553 3276 misit
573 3212 758 3276 columbam
787 3212 827 3273 de
924 3211 1077 3274 Surrexit
1100 3213 1211 3291 itaque
1235 3215 1395 3276 Dominus
1417 3231 1437 3278 a
1458 3231 1564 3279 coena.
1596 3220 1679 3280 Sur-

37 3327 118 3386 arca,
132 3316 168 3376 et
186 3315 247 3376 illa
260 3329 396 3376 reversa
420 3314 471 3376 cst
487 3312 618 3375 adeum
637 3309 747 3373 serens
771 3326 829 3372 ra·
882 3310 969 3372 rexit
984 3314 1019 3372 ut
1031 3311 1218 3374 insinuaret
1232 3312 1326 3373 nobis
1342 3313 1383 3374 ab
1398 3301 1499 3394 hujus
1513 3315 1591 3377 ritae
1612 3333 1676 3378 ro-

36 3425 118 3472 mum
131 3412 273 3474 virentis
288 3411 397 3473 olivas.
881 3406 1036 3484 luptuosa
1051 3409 1187 3469 miseria
1200 3425 1273 3471 esse
1286 3412 1498 3487 surgendum.
1516 3413 1677 3491 Voluptas

70 3512 157 3571 Arca
172 3509 338 3586 significat
357 3510 551 3583 Ecclesiam,
566 3523 639 3587 quae
655 3505 827 3584 supertes·
882 3505 970 3566 enim
990 3506 1104 3566 mundi
1129 3521 1224 3569 coena
1248 3507 1381 3582 dicitur,
1406 3510 1484 3586 quia
1501 3511 1587 3574 sicut
1608 3527 1678 3575 nox
1719 3552 1722 3562 ι

34 3605 83 3666 tur
98 3609 196 3685 aquis
210 3608 339 3682 diluvii,
356 3607 453 3680 idest,
477 3607 612 3685 superat
626 3621 741 3668 omnes
760 3605 825 3666 tri·
882 3604 1182 3680 seqmturcoenam,
1198 3605 1246 3667 ita
1258 3607 1443 3684 sequuntur
1456 3608 1602 3672 tenebras
1616 3627 1679 3672 vo-

35 3701 218 3768 bulationes
251 3707 351 3784 hujus
386 3705 512 3767 mundi.
548 3706 620 3766 Noe
659 3701 827 3781 significat
880 3700 1050 3777 luptalem,
1074 3703 1161 3765 sicut
1179 3703 1301 3766 dicitur
1325 3704 1361 3765 in
1383 3705 1586 3783 Evangelio:
1613 3709 1677 3780 Qui

35 3803 199 3866 Christum
231 3805 289 3882 qui
324 3803 443 3867 emittit
470 3802 667 3875 columbam,
693 3802 825 3879 quando
881 3800 1032 3877 sequitur
1051 3799 1230 3870 Christum,
1254 3801 1349 3876 idest,
1371 3803 1428 3880 qui
1452 3803 1532 3867 tacit
1552 3806 1677 3868 volun·

33 3901 122 3964 docet
141 3901 273 3964 fidelem
296 3901 440 3963 animam
460 3900 676 3978 contemplari
694 3917 767 3977 quae
783 3899 826 3961 sit
880 3898 981 3960 tatem
1004 3901 1076 3976 ejus
1099 3914 1165 3961 non
1191 3899 1252 3962 ibit
1272 3899 1308 3961 in
1329 3900 1496 3976 tenebras,
1519 3903 1615 3977 idest,
1641 3904 1677 3965 ln

32 3997 134 4074 gloria
165 3999 310 4062 coelestis
331 4000 445 4076 regni,
472 3999 506 4061 et
523 4015 597 4076 quae
623 3997 666 4059 sit
689 3997 825 4058 miseria
879 3994 1059 4066 infernum,
1085 3995 1142 4056 ubi
1167 4011 1298 4074 semper
1326 3997 1402 4059 sunt
1428 3999 1587 4074 tenebrae,
1617 4001 1675 4062 ssd

33 4095 126 4174 hujus
159 4098 285 4159 mundi.
315 4098 379 4159 Sed
403 4096 556 4159 columba
578 4095 758 4158 revertitur
783 4094 825 4156 ad
880 4093 1016 4154 habebit
1033 4093 1146 4154 lumen
1169 4094 1258 4166 vitae,
1284 4095 1380 4168 idest,
1403 4096 1581 4172 Christum,
1598 4100 1677 4177 quia

32 4208 151 4268 arcam,
169 4194 301 4274 quando
314 4195 421 4256 tidelis
437 4194 547 4256 anima
563 4193 637 4282 post
650 4193 827 4270 cogitatio-
879 4191 951 4267 ipse
966 4191 1103 4252 estrera
1118 4192 1186 4265 lux,
1196 4207 1268 4270 quae
1283 4193 1452 4256 illuminat
1469 4210 1599 4257 omnem
1612 4197 1675 4258 ho·

33 4305 103 4353 nem
119 4295 316 4367 coelestium,
331 4309 371 4354 ea
387 4309 461 4371 quac
479 4291 682 4369 cognoverit,
694 4291 826 4354 nuntiat
880 4289 1002 4350 minem
1016 4289 1204 4351 venientem
1223 4290 1258 4350 in
1289 4290 1378 4352 bunc
1399 4292 1569 4355 mundum.
1595 4297 1678 4356 Sur-

32 4387 64 4450 in
86 4391 249 4453 Ecclesia.
275 4390 432 4453 Columba
451 4391 631 4453 revertitur
650 4388 691 4450 ad
705 4404 827 4466 vespe-
879 4401 958 4462 gere
970 4402 1050 4462 ergo
1062 4386 1158 4448 nobis
1173 4403 1193 4448 a
1208 4403 1303 4449 coena
1317 4389 1378 4461 est,
1395 4388 1436 4450 ab
1451 4389 1550 4468 hujus
1561 4394 1690 4457 mnndi·

31 4489 255 4566 ram,quando
265 4489 439 4550 denuntiat
450 4486 669 4550 dnemmundi
679 4485 743 4548 cito
752 4501 825 4547 essa
879 4484 1048 4562 voluptate
1077 4483 1265 4546 voluntarie
1292 4486 1436 4548 resilire.
1466 4489 1560 4552 Unde
1593 4495 1678 4554 Pro-

30 4587 215 4660 venturum,
238 4587 315 4664 quia
336 4587 421 4650 sicut
444 4585 524 4647 dicit
537 4585 735 4663 Apostolus:
756 4584 825 4646 Nos
880 4581 979 4659 pheta
999 4581 1154 4644 admonet
1173 4583 1309 4645 dicens:
1336 4585 1477 4662 surpite
1494 4589 1677 4664 postquam

31 4697 141 4745 sumus
155 4684 191 4745 in
206 4701 287 4762 quos
301 4684 384 4746 lines
399 4683 823 4746 saeculorumdevenerunt.
878 4680 1040 4742 sederitis
1065 4682 1123 4754 qai
1147 4681 1365 4743 mendicatis
1395 4697 1526 4758 panem
1550 4688 1678 4751 doloris

11 4859 15 4868 .
29 4781 247 4845 bertramum
259 4781 398 4844 virentis
413 4782 521 4856 olivae,
539 4781 634 4855 idest,
648 4781 826 4843 annuntiat
881 4776 950 4858 (Ps.
966 4779 1034 4851 121,
1049 4775 1095 4857 2).

29 4893 143 4952 pacem
157 4881 349 4958 perpetuam
367 4879 509 4941 dandam
534 4879 689 4941 Ecclesiae
704 4879 739 4939 in
759 4877 825 4940 dne
920 4875 1042 4937 Sedere
1056 4874 1254 4954 quandoque
1270 4875 1437 4953 significat
1451 4879 1606 4957 quietem,
1624 4883 1676 4945 si·

29 4978 161 5054 mundi;
179 4978 266 5039 unde
286 4977 366 5039 dicit
380 4978 539 5039 Dominus
555 4977 589 5038 in
604 4965 823 5054 Apocalypsi:
880 4973 935 5035 cut
953 4973 1111 5050 scriptum
1128 4973 1195 5035 est:
1217 4975 1319 5036 Discit
1345 4977 1515 5040 Dominus
1528 4984 1677 5045 Domino

28 5076 421 5138 Eccestoadosiiamet
434 5081 541 5149 pabo,
558 5075 636 5137 etst
650 5078 824 5150 quisape-
878 5085 977 5132 raeo:
1001 5073 1081 5132 sede
1104 5085 1127 5132 a
1149 5073 1287 5134 destris
1312 5077 1400 5136 meis
1430 5073 1499 5154 (Ps.
1531 5079 1599 5152 109,
1629 5079 1674 5160 1).

28 5175 141 5234 ruerit
164 5175 259 5246 mibi,
283 5174 419 5236 intrabo
439 5175 483 5234 ad
510 5176 606 5235 ittam
631 5172 666 5233 ei
687 5174 825 5234 caenabo
881 5169 1083 5246 Quandoque
1122 5169 1290 5246 significat
1325 5172 1550 5249 voluptatem,
1591 5177 1677 5241 sicut

27 5281 105 5330 crim
120 5273 187 5343 iiio,
205 5271 239 5332 ci
251 5275 325 5348 ipse
341 5285 484 5332 mecum.
880 5268 1039 5344 scriptum
1052 5267 1102 5328 est
1113 5265 1148 5327 in
1162 5269 1296 5330 Exodo:
1312 5271 1407 5331 Sedit
1417 5277 1565 5348 paratas
1580 5292 1677 5338 man·

66 5367 201 5430 Duobus
216 5368 321 5429 modis
334 5368 493 5429 Dominus
508 5369 597 5428 stare
607 5365 740 5438 dicitur,
758 5364 825 5426 sci·
879 5369 1007 5427 dacore
1033 5363 1067 5426 et
1090 5367 1213 5437 bibere,
1241 5365 1277 5426 ei
1303 5372 1541 5432 sarreaerant
1556 5376 1675 5436 tudere

28 5461 114 5536 licet,
134 5465 324 5542 pergratis
344 5464 656 5536 manifestationem,
680 5463 767 5525 unde
789 5463 825 5524 in
881 5461 997 5541 (Exod.
1020 5477 1130 5534 xxxn,
1152 5460 1198 5542 6).
1217 5462 1419 5526 Manducars
1445 5483 1505 5544 pro
1529 5468 1676 5532 delecta-

28 5563 188 5624 Psalmo:
219 5565 306 5626 Deus
342 5562 432 5624 stetit
454 5563 490 5623 in
521 5576 706 5640 synagoga,
726 5560 822 5632 idest,
878 5560 968 5621 tione
991 5559 1137 5638 ponitur,
1158 5560 1246 5621 unde
1260 5562 1457 5626 Psalmista:
1478 5567 1673 5632 Mattiaca-

28 5659 256 5724 inanilestavit
284 5675 319 5721 se
343 5675 417 5725 esse
439 5659 546 5724 solum
570 5661 684 5732 Deum,
712 5656 745 5718 et
765 5673 837 5734 per·
879 5659 1006 5720 verrant
1020 5659 1053 5720 et
1067 5659 1220 5720 saturati
1235 5662 1317 5722 maai
1333 5659 1402 5739 (Ps.
1423 5660 1689 5742 7129111111
