3968 6296
282 447 342 507 aee
898 441 1075 503 nemean
1096 441 1142 503 111
1164 440 1312 502 esraa.
1882 451 1934 514 500

159 611 161 616 '
284 605 488 670 Exciderunt
506 619 549 666 ex
572 601 624 664 hls
645 601 770 677 multa;
798 599 928 664 desiere
947 615 1079 680 queque
1133 600 1294 664 Ecclesiae
1309 601 1535 679 persolvendi,
1556 617 1653 666 anno
1676 601 1758 666 1290
1778 603 1819 667 ab
1838 610 1934 672 eecle-

285 721 407 767 eensus
432 719 499 765 non
520 701 629 780 pauci,
656 716 795 779 querum
820 699 967 762 omnium
989 717 1081 762 cem·
1134 698 1194 760 siis
1215 699 1249 762 et
1267 699 1483 762 monasteriis
1497 700 1652 778 gallicis.
1671 703 1785 763 Unum
1800 704 1934 769 tantum-

285 803 396 880 plexie
411 818 477 863 non
495 803 627 862 tenuem
650 800 808 861 Romanae
823 797 979 861 Ecclesiae
1001 814 1081 876 pre-
1133 796 1516 860 medodissimulandum
1528 800 1679 872 nonest,
1695 800 1933 867 scilicetcencil
1971 809 1972 814 ’

284 901 419 962 ventum
448 899 526 960 olim
545 897 706 976 parlebat.
733 897 797 958 Sed
818 896 944 958 ethaeo
968 896 1080 958 omnia
1134 893 1219 958 libre
1237 895 1348 958 addita
1363 897 1513 974 quaedam
1538 896 1689 958 subinde
1714 896 1820 960 fuisse
1836 917 1934 964 asue-

284 1013 393 1070 nesse,
423 996 464 1059 ad
499 994 695 1058 eruditionis
731 993 967 1056 ecclesiastiea
996 1009 1081 1071 aug·
1133 993 1321 1055 sessoribus
1334 995 1544 1071 camerariis;
1564 996 1934 1073 acpreptereaminime

283 1097 430 1158 mentum
446 1095 582 1173 spectat,
600 1096 681 1154 Cum
695 1092 788 1154 hisce
803 1107 1001 1170 componere
1025 1108 1081 1170 pe·
1133 1091 1255 1154 mirere
1285 1091 1314 1152 si
1340 1092 1374 1154 in
1399 1109 1506 1170 pauca
1530 1094 1748 1157 monasteria
1776 1110 1930 1172 occurras,

284 1193 365 1256 teris
392 1192 519 1254 bullam
542 1191 674 1254 Nicolai
700 1193 744 1253 IV
769 1193 889 1268 Papae,
915 1190 1079 1253 editama
1134 1189 1256 1252 saecule
1273 1189 1446 1253 dumtaxat
1466 1193 1504 1254 13
1524 1191 1685 1255 fundata.
1703 1195 1832 1256 Herum
1850 1196 1934 1258 addi·

285 1291 414 1354 clariss.
437 1290 610 1352 monachis
631 1287 854 1351 Benedictinis
880 1289 1030 1351 Martene
1047 1288 1080 1350 et
1132 1288 1313 1362 tamentum
1325 1287 1409 1349 nihil
1421 1288 1523 1352 elficit
1535 1290 1619 1352 fidei
1634 1290 1776 1366 codinis,
1789 1307 1852 1370 que
1869 1309 1932 1357 sum

286 1389 431 1462 Durand,
447 1389 572 1451 intem.
587 1389 628 1461 ΙΙ,
643 1387 1075 1465 p.1301,Veter.seepter.
1133 1401 1224 1458 usus,
1250 1401 1356 1463 neque
1379 1386 1515 1449 dubium
1530 1387 1618 1451 facit
1640 1389 1788 1466 primum
1811 1406 1850 1453 ac
1866 1407 1933 1468 ger-

286 1487 434 1561 Cellect.,
459 1486 516 1548 ubi
536 1485 752 1548 recensentur
775 1499 895 1546 census
919 1486 1078 1548 Romanae
1132 1499 1267 1546 manum
1282 1484 1385 1565 hujus
1395 1485 1538 1567 catalogi
1551 1487 1746 1551 auctorem.

431 1921 848 2096 INCIPIT
904 1925 1227 2096 LIBER
1282 1924 1803 2099 CENSUUM

791 2288 1065 2381 ROMANAE
1106 2293 1425 2385 ecelesia

282 2555 530 2617 SECUNDUM
547 2554 840 2620 ANTIQUORUM
858 2557 1047 2617 Persem
1057 2552 1106 2636 (a)
1125 2557 1325 2620 REGESTA
1346 2560 1407 2622 ΕΤ
1423 2559 1722 2622 MEMORIALIA
1744 2560 1796 2620 DI
1802 2559 1926 2619 VERSA

696 2727 815 2790 ANNO
837 2727 1168 2792 INGARNATIONIS
1189 2729 1413 2794 DOMINIGAE
1434 2731 1514 2793 1192

624 2897 854 2972 Pontificetes
879 2901 1049 2964 celestem
1078 2903 1189 2976 Pence
1218 2904 1277 2964 ΙΙΙ
1304 2915 1396 2965 arene
1425 2902 1592 2964 securene..

320 3483 477 3546 Ecclesiae
492 3486 650 3547 Romanae
666 3499 824 3547 censuum
844 3500 926 3563 opus
936 3488 1008 3565 jam
1022 3500 1079 3548 re-
1111 3551 1113 3554 ,
1135 3482 1255 3557 tentes,
1269 3481 1443 3544 censuales
1454 3481 1639 3555 essent,vel
1658 3480 1820 3560 quantum
1836 3476 1927 3539 debc-

279 3581 407 3644 iroacte
425 3584 573 3660 tempere
594 3598 614 3645 a
634 3582 830 3660 quibusdam
848 3584 924 3645 aliis
942 3585 1080 3646 ordina·
1109 3651 1111 3658 ¹
1132 3581 1206 3643 rent
1223 3581 1423 3658 persolvere,
1444 3580 1564 3642 instrui
1586 3579 1742 3658 plenarie
1757 3595 1822 3640 nen
1836 3575 1920 3637 rale-

279 3679 359 3752 tum,
376 3695 436 3741 cur
449 3680 643 3742 reordinare
656 3696 738 3757 opus
753 3680 854 3742 scierit
872 3682 906 3743 et
928 3696 1076 3753 necesse,
1131 3678 1207 3739 rent
1222 3694 1229 3732 :
1244 3677 1360 3738 eadem
1375 3680 1524 3740 Romana
1539 3678 1690 3740 Ecclesia
1703 3673 1922 3750 detrimentum

279 3791 341 3850 ege
367 3776 512 3849 Gentius,
546 3776 666 3853 quond.
698 3776 805 3838 felicis
837 3777 1077 3858 recordationis
1131 3774 1323 3837 incurrebat
1345 3792 1412 3837 non
1443 3776 1607 3837 modicum
1636 3776 1671 3839 et
1692 3775 1865 3855 jacturam.
1890 3765 1919 3828 ld

279 3871 456 3933 Clementis
489 3875 588 3950 Papae
625 3874 683 3946 111,
716 3889 805 3936 nune
833 3890 913 3936 vero
953 3875 1077 3937 demini
1132 3873 1245 3950 utique
1261 3873 1467 3950 comperiens
1482 3873 1515 3935 et
1540 3873 1670 3948 videns,
1700 3889 1754 3935 me
1780 3871 1819 3932 de
1840 3863 1919 3928 facili

278 3967 448 4029 coelestini
484 3971 583 4046 Papae
616 3970 663 4031 ΙΙΙ
697 3969 912 4044 camerarius,
948 3973 1077 4035 Sanctae
1131 3970 1922 4050 pesseremediumbuicdamnepraestarercceg·

277 4065 394 4127 Mariae
408 4067 545 4146 Majeris
561 4066 659 4129 Urbis
681 4069 871 4143 canonicus,
888 4069 1034 4133 breviter
1045 4071 1078 4134 et
1131 4084 1271 4131 noscens
1298 4068 1398 4131 etiam
1421 4084 1597 4146 persenam
1624 4086 1747 4142 meam,
1776 4061 1917 4128 asancta

278 4165 393 4240 aperte
418 4165 615 4243 respondeo.
643 4167 749 4239 Quum
774 4167 881 4230 felicis
907 4169 1076 4232 memoriae
1132 4171 1281 4230 Romana
1296 4166 1443 4229 Ecclesia
1454 4167 1570 4244 primis
1586 4166 1793 4230 acunabulis
1806 4161 1917 4224 educa-

277 4263 571 4341 Eugeniusprime,
583 4264 790 4327 etAdrianus
805 4268 895 4345 Papa
904 4283 1078 4330 successor
1129 4266 1209 4342 tarn,
1239 4267 1422 4345 promotam
1457 4265 1492 4326 in
1523 4267 1676 4328 omnibus
1709 4266 1742 4327 et
1773 4260 1915 4324 creatam,

276 4359 394 4438 ipsius,
415 4365 447 4424 et
469 4362 602 4440 quidam
617 4362 676 4424 alli
695 4362 815 4425 deinde
831 4364 981 4442 quaedam
1006 4383 1078 4427 me-
1130 4365 1284 4443 vigilanti
1302 4367 1400 4442 atque
1424 4363 1611 4427 vehementi
1624 4362 1837 4426 meditatione
1850 4369 1915 4416 me-

276 4458 441 4533 morialia,
459 4461 641 4539 semiplena
662 4461 786 4534 tamen,
802 4476 865 4524 nee
886 4463 1076 4526 authentice
1130 4465 1194 4537 tus,
1205 4479 1324 4526 census
1336 4463 1439 4540 ipsos,
1451 4461 1537 4523 sieut
1550 4462 1586 4522 in
1599 4463 1698 4524 tomis
1710 4451 1912 4523 charliriniis,

278 4557 413 4633 scripta,
428 4573 487 4618 seu
500 4558 653 4620 ordinata
667 4557 700 4618 in
716 4551 856 4636 scriptis*
864 4557 905 4620 de
922 4561 1076 4622 censibus
1131 4563 1164 4640 et
1173 4560 1398 4623 voluminibus
1406 4561 1613 4636 regestorum
1623 4561 1831 4638 antiquorum
1843 4555 1914 4612 Pen-

276 4653 502 4730 redegissent,
536 4656 569 4718 el
599 4655 724 4734 posteri
757 4657 829 4718 sive
866 4673 1076 4720 successores
1130 4659 1256 4721 tideum
1276 4661 1434 4720 Romanae
1456 4657 1612 4720 Ecclesiae
1633 4659 1666 4721 et
1682 4657 1941 4740 modernorum,-

276 4765 391 4812 eerum
413 4769 472 4830 per
491 4754 698 4816 memorialia
722 4754 805 4832 ipsa,
827 4755 1073 4833 quaecclesiae
1130 4757 1164 4818 et
1175 4757 1317 4818 alierum
1327 4754 1487 4817 librorum
1499 4757 1729 4834 quorumdam,
1740 4770 1799 4815 seu
1808 4758 1914 4812 meme

276 4848 329 4908 vel
367 4852 581 4924 monasteria,
624 4851 820 4930 hospitalia,
860 4869 919 4914 seu
960 4852 1075 4916 domus
1129 4850 1264 4914 rialium
1292 4851 1462 4912 veracium
1490 4852 1615 4925 inveni,
1641 4853 1705 4915 etsi
1726 4866 1792 4912 non
1812 4853 1911 4908 omnes

278 4944 551 5023 eleemosynariae
568 4948 669 5029 (qued
689 4950 793 5012 serme
807 4951 894 5013 idem
908 4967 982 5014 esse
997 4953 1074 5030 dig·
1130 4951 1315 5029 producens
1328 4949 1530 5020 temedium,
1542 4951 1643 5014 certis
1655 4941 1911 5028 regnisprerin-

277 5041 443 5124 noscitur)
478 5060 552 5122 quae
583 5046 683 5107 etiam
717 5047 885 5122 civitates,
918 5051 1073 5124 castella,
1130 5049 1203 5123 ciis,
1217 5046 1473 5127 episcopatibus,
1491 5051 1591 5126 atque
1605 5050 1689 5112 locis
1709 5035 1909 5125 apraemiSsiS

275 5141 377 5216 villae,
393 5142 445 5203 vel
464 5143 580 5204 demus
604 5144 777 5221 speciales,
806 5161 864 5222 scu
882 5147 939 5224 qui
966 5164 1072 5224 reges
1129 5147 1240 5210 tamen
1256 5145 1409 5208 Patribus
1418 5147 1542 5209 sanctis
1553 5147 1706 5225 primitus
1717 5137 1906 5208 constitutos,
1971 5199 1972 5202 Ἴ

276 5240 334 5302 aut
348 5240 515 5319 principes
538 5241 574 5303 in
591 5244 647 5321 jus
672 5242 705 5304 et
725 5244 961 5320 proprietatem
986 5244 1075 5308 beati
1130 5244 1344 5323 inquantum
1371 5244 1512 5307 facultas
1536 5245 1698 5323 permisit,
1723 5244 1759 5305 ut
1783 5233 1907 5301 inferiis

276 5339 368 5401 Petri
392 5340 425 5401 et
444 5341 567 5402 sanetae
594 5343 752 5403 Romanae
768 5342 925 5404 Ecclesiae
946 5344 1074 5422 persis·
1129 5343 1352 5416 annotabitur,
1380 5343 1549 5421 insignivi.
1575 5344 1686 5406 Novos
1712 5353 1836 5406 census,
1859 5326 1905 5407 qui

311 5505 352 5581 (α)
368 5507 558 5580 Antiquarum
580 5509 710 5567 Patrem.
735 5511 777 5567 Ex
793 5509 827 5568 iis
842 5509 903 5580 luit,
915 5517 946 5568 ut
961 5511 1072 5586 opiner,
1130 5510 1241 5569 Erasmi
1253 5509 1319 5568 lecit
1331 5525 1397 5568 cum
1411 5510 1533 5581 Tiberio,
1551 5510 1713 5584 primicerio
1736 5505 1813 5568 Sedis
1826 5501 1904 5573 Apos-

275 5579 558 5638 Anmlmiestnllet
569 5581 798 5650 neminemnam,
814 5583 1070 5654 simmiste-reensi
1129 5583 1235 5650 telles,
1271 5581 1324 5638 sub
1357 5582 1527 5664 pontificatu
1562 5584 1667 5640 Leonis
1694 5584 1734 5640 lll
1766 5571 1905 5650 Papffl‚,0I

276 5653 355 5708 artis
367 5653 467 5709 lleme.
485 5655 512 5710 ls
527 5653 603 5708 enirn
621 5652 657 5708 im
673 5651 910 5726 subscriptionem
926 5669 1008 5712 suern
1022 5668 1072 5728 ap·
1128 5652 1254 5712 lotharii
1268 5654 1364 5726 ldagm
1377 5655 1418 5711 lm
1440 5653 1569 5720 crateris,
1584 5653 1692 5711 heecst
1706 5649 1806 5715 seculo
1817 5643 1904 5704 clem

275 5725 371 5852 Roscii
390 5724 466 5781 celui
485 5724 716 5781 commutationis
745 5723 833 5782 Fundi
855 5725 963 5794 Pioeis,
987 5737 1073 5798 quam
1129 5738 1215 5794 neno,
1238 5669 1478 5797 quemadmodum
1502 5725 1606 5796 legitur
1627 5726 1656 5781 in
1680 5723 1809 5794 catalogo
1828 5713 1901 5771 decu·

303 5795 409 5852 icelaus
440 5795 592 5870 episcopos
614 5801 641 5854 cl
667 5794 755 5854 abbas
782 5795 946 5855 monasterii
971 5797 1066 5858 Sancti
1128 5803 1289 5856 mentorum
1313 5795 1493 5854 sublacensis
1516 5795 1692 5855 monasterii.
