3992 6380
314 191 376 252 963
781 182 1501 246 11111111111111111-1111111111ε.
1885 199 1926 260 Ἡ
1983 153 1984 202 ³

316 352 398 422 lior,
422 349 458 413 tu
482 347 553 410 sola
574 346 769 426 jucundior,
797 345 833 407 tu
862 344 934 407 sola
960 343 1113 419 suavior:
1169 345 1320 408 mortem
1338 347 1495 408 arztmom
1510 359 1624 419 suom,
1646 345 1682 408 et
1699 361 1773 408 cum
1789 357 1927 422 :cerroto
1983 365 1984 374 ’

317 447 486 530 plenitudo
516 446 678 526 siquidem
711 443 795 520 legis
824 444 875 505 est
903 442 1050 512 dilectio,
1076 459 1115 504 eo
1169 443 1437 518 depictotusest,
1462 444 1495 505 et
1519 447 1590 518 ipse
1612 447 1756 520 peecata
1780 453 1927 520 :autorum
1983 479 1984 482 ¹

317 549 404 628 quod
421 547 531 609 omnis
547 545 655 608 lexin
672 543 774 608 verbo
791 543 964 606 charitatis
981 542 1115 606 instau·
1170 543 1248 604 ladit
1262 539 1320 620 (ls.
1336 557 1407 615 run,
1425 540 1490 620 12),
1507 542 1540 604 et
1553 557 1614 620 pro
1629 543 1864 610 crucifixoribus
1877 557 1927 616 suis

317 648 423 720 ratur,
439 646 472 707 et
490 645 559 708 tota
574 645 629 706 lex
649 658 708 720 per
725 658 799 705 eam
813 641 981 718 impletur.
1170 640 1296 713 oravit,
1319 639 1434 702 dicens
1455 661 1462 701 :
1483 641 1604 712 Pater,
1628 643 1764 716 tanosce
1783 649 1854 718 ldis,
1869 657 1927 723 quta
1983 663 1984 672 ³

357 745 440 818 Quid
460 759 540 820 ergo
560 742 693 818 expedit
717 741 850 802 diversa
875 756 1038 818 quaerere,
1058 739 1116 802 uhi
1170 739 1327 800 nesciunt
1340 743 1421 814 quid
1432 740 1566 814 faciunt
1581 737 1678 819 (Luc.
1694 756 1788 813 xmu,
1801 743 1857 823 34).

317 845 423 904 omnis
443 840 738 904 consummationis
762 839 852 902 videt
871 838 946 917 quis
967 838 1066 900 tinem
1083 838 1116 900 et
1210 837 1294 909 Quid
1310 837 1450 899 dicimus
1465 837 1506 899 de
1521 839 1791 916 perseverantiat
1803 844 1928 908 Perseve-

316 939 585 1019 completionem,
612 938 755 1010 scilicet,
783 937 888 998 latum
921 937 1115 1000 mandatum
1170 936 1314 998 rentiam
1349 935 1513 1013 siquidem
1547 937 1709 998 Dominus
1741 954 1798 1000 ore
1824 947 1925 1020 proprio
1983 915 1984 974 1

314 1036 621 1104 charitatisnimist
639 1035 821 1112 Siquidem
842 1035 871 1096 si
886 1036 988 1096 totam
1008 1035 1115 1111 legem
1170 1034 1432 1108 commendavit,
1462 1034 1598 1096 dicens:
1626 1039 1708 1098 Nou
1734 1039 1789 1111 uui
1809 1045 1925 1118 repert,

316 1137 390 1214 quis
403 1134 599 1206 servaverit,
613 1133 760 1194 offendat
770 1133 881 1194 autern
894 1133 928 1194 in
942 1148 1008 1194 uno
1020 1148 1118 1194 man·
1169 1135 1229 1194 sed
1242 1136 1300 1208 qut
1311 1135 1595 1208 perseveraverit
1608 1149 1718 1209 usque
1731 1138 1874 1210 1111111111,
1888 1145 1926 1203 luc

316 1236 392 1298 dato
419 1233 609 1304 charitatis,
638 1231 745 1294 iactus
772 1233 822 1293 est
848 1231 996 1294 omnium
1023 1245 1114 1302 reus,
1169 1236 1285 1292 socom
1298 1233 1366 1292 erit
1376 1229 1508 1310 (Matth.
1520 1231 1629 1312 x,22).
1640 1235 1871 1298 perseverantia
1880 1237 1925 1301 duo

317 1351 390 1396 cum
407 1349 471 1410 qua
493 1330 819 1408 nonpotestaliquis
839 1332 907 1390 Deo
925 1328 1114 1406 displicere,
1170 1329 1263 1391 notat
1292 1351 1300 1389 :
1329 1330 1641 1404 continuationem,
1687 1333 1720 1394 et
1758 1348 1926 1396 consumma·

317 1432 395 1510 quia
410 1430 558 1492 charitas
579 1429 687 1506 operit
701 1428 945 1491 multitudinem
960 1428 1116 1506 peccato-
1169 1426 1294 1488 tionem
1310 1450 1319 1504 ;
1351 1429 1651 1502 continuationem,
1669 1429 1837 1492 secundum
1866 1432 1923 1494 illul

316 1546 402 1600 rum,
419 1531 453 1592 et
467 1529 540 1590 sine
555 1543 620 1604 qua
636 1542 701 1590 non
717 1527 825 1604 potest
839 1526 871 1588 ei
883 1526 1005 1603 aliquis
1020 1543 1114 1588 com·
1171 1525 1322 1587 Isidori:
1358 1543 1377 1587 s
1414 1527 1491 1589 Non
1527 1526 1761 1588 inchoantibus
1791 1531 1925 1604 praemium

316 1627 460 1708 placere.
481 1626 578 1697 Nam,
598 1624 626 1688 si
649 1624 856 1686 distribuerit
874 1625 948 1702 quis
968 1625 1003 1686 in
1024 1625 1115 1686 cibos
1170 1623 1393 1699 promittitur,
1434 1625 1492 1686 sed
1528 1624 1812 1702 perseverantibus
1845 1627 1923 1689 datur.

317 1739 499 1804 pauperum
515 1739 628 1786 omnes
642 1721 818 1785 facultates
831 1739 922 1797 suaa,
938 1723 970 1786 et
985 1721 1114 1784 habue—
1170 1722 1347 1785 Multorum
1362 1723 1451 1784 enim
1465 1723 1518 1792 est
1531 1723 1695 1801 incipere,
1715 1724 1770 1784 sed
1783 1740 1923 1801 paucomn
1983 1727 1984 1734 ’

317 1823 361 1884 rit
384 1837 514 1883 omnem
536 1819 634 1881 iidem
658 1821 721 1892 ita,
748 1821 893 1894 seilicet,
925 1822 961 1884 ut
988 1823 1115 1884 montes
1170 1836 1396 1896 perseverare.
1418 1822 1478 1883 Ille
1492 1821 1580 1884 bene
1597 1821 1759 1895 immolat,
1773 1823 1823 1900 qiri
1842 1824 1922 1886 sacri·

319 1919 507 1991 transierat,
532 1919 565 1981 et
587 1918 762 1982 tradiderit
781 1935 901 1996 corpus
925 1935 1022 1980 suum
1045 1919 1115 1994 igni
1170 1919 1282 1980 ilcium
1306 1919 1385 1982 honi
1403 1919 1514 1998 operis
1536 1936 1644 1999 usque
1665 1921 1701 1981 in
1730 1920 1818 1980 tinem
1837 1920 1924 1981 debita

316 2019 363 2081 ita
379 2019 415 2080 ut
429 2017 555 2089 ardeat,
572 2017 768 2080 charitatem
781 2018 891 2080 autem
906 2033 971 2078 non
987 2015 1115 2078 habue-
1170 2017 1321 2094 perducit
1343 2019 1496 2080 actionis.
1522 2036 1540 2080 s
1569 2021 1611 2082 Et
1640 2019 1801 2080 Isidorus:
1823 2035 1839 2079 c
1859 2021 1923 2081 lhuc
1983 2031 1984 2052 ¹

314 2116 370 2188 rit,
393 2116 441 2176 nil
459 2115 490 2176 ei
505 2115 651 2194 prodest,
668 2114 808 2185 scilicet,
828 2114 870 2176 ad
890 2115 992 2178 vitam
1013 2115 1115 2178 aeter·-
1170 2115 1258 2176 enim
1283 2116 1392 2194 placet
1409 2119 1476 2178 Deo
1498 2117 1617 2180 nostra
1646 2117 1810 2178 conversio
1826 2117 1924 2194 quando
1983 2157 1984 2160 κ

315 2230 404 2276 nam.
1170 2213 1291 2276 bonum
1309 2213 1396 2290 quod
1410 2213 1619 2286 inchoamus
1639 2213 1923 2291 perseverantertine
1983 2239 1984 2260 2

356 2310 507 2374 Secundo
535 2310 610 2373 loco
631 2311 766 2390 ponitur
789 2311 830 2373 de
851 2309 1053 2380 obedientia,
1075 2311 1116 2374 de
1170 2312 1385 2388 complemus.
1402 2314 1562 2373 »Bonum
1586 2327 1668 2387 ergo
1686 2327 1752 2372 non
1772 2309 1920 2386 incepisse,

317 2426 381 2488 qua
392 2409 550 2472 Dominus
563 2409 631 2471 ait:
648 2413 727 2474 Non
741 2412 945 2484 oerztsocere
958 2409 1117 2472 volunto-
1172 2409 1229 2470 sed
1248 2409 1429 2486 perfecisse
1451 2410 1559 2472 virtus
1580 2411 1644 2472 est.
1675 2413 1803 2488 Semper
1823 2409 1920 2468 111111
1983 2397 1984 2444 ἶ

317 2510 385 2572 tem
399 2523 526 2582 meam,
540 2511 600 2570 sed
617 2509 827 2572 uotrcrrtotent
843 2512 930 2581 ejus,
943 2511 1001 2580 qut
1020 2507 1116 2568 rratstt
1171 2507 1315 2569 hominis
1344 2507 1421 2568 ilnis
1448 2509 1652 2585 quaerendus
1677 2511 1736 2580 est,
1764 2508 1839 2584 quia,
1862 2505 1922 2566 sicut
1983 2561 1984 2566 ,

315 2622 370 2670 me
386 2604 418 2684 (J
421 2621 496 2668 can.
512 2622 558 2678 v1,
572 2605 638 2686 38).
651 2608 689 2667 ut
703 2607 881 2683 Apostolus
898 2627 906 2666 :
921 2606 1050 2667 Factus
1064 2606 1115 2666 est
1171 2605 1251 2667 dicit
1266 2603 1921 2680 1111111111111111111111111111-

316 2707 474 2766 obediens
484 2719 590 2777 usque
605 2708 649 2766 ad
660 2706 823 2776 mortem,
839 2704 988 2768 mortem
998 2703 1116 2768 autem
1170 2704 1265 2766 cabo.
1287 2721 1306 2765 1
1321 2705 1450 2766 listina
1476 2705 1565 2767 enim
1581 2721 1645 2766 suo
1665 2702 1865 2780 unusquisque
1880 2700 1921 2760 aut

316 2806 429 2864 crucis
441 2800 578 2880 (Philip.
594 2817 631 2874 u,
645 2801 814 2881 8).0mnis
826 2803 924 2863 bomo
935 2801 1115 2864 erratione
1167 2803 1380 2880 justificatur,
1397 2804 1455 2865 aut
1477 2803 1729 2864 condemnatur.
1749 2803 1919 2862 consumma-

315 2899 413 2962 dehet
430 2916 526 2960 suum
539 2901 729 2962 Creatorem
744 2915 937 2976 agnoscere,
959 2901 991 2960 et
1011 2899 1115 2976 ipsius
1170 2902 1295 2964 tionem
1305 2903 1416 2963 autem
1432 2901 1644 2963 commendat
1659 2901 1803 2963 Salomon
1813 2916 1819 2954 :
1830 2899 1919 2958 llellor

314 2998 489 3076 praeceptis
504 2997 676 3060 humiliter
688 2997 833 3068 obedire,
852 2997 930 3074 quia
945 3013 1042 3058 nemo
1056 3013 1117 3074 po-
1170 3000 1223 3061 est
1234 3001 1315 3072 dreis
1332 2993 1919 3075 1111111111,111111111111111111111.
1983 3053 1984 3056 ,

315 3096 379 3157 test
396 3096 446 3156 ire
458 3095 499 3158 ad
515 3096 656 3172 patriam
679 3096 745 3156 nisi
765 3111 824 3172 per
837 3095 926 3156 viam
941 3094 1117 3158 mandato-
1170 3111 1228 3168 vn,
1244 3095 1376 3176 9).N0n
1389 3099 1584 3176 queruntur
1598 3097 1635 3158 in
1649 3093 1829 3158 Christianis
1839 3091 1917 3156 111111,
1983 3119 1984 3122 ¹

316 3207 401 3260 rum,
416 3192 479 3253 hoc
491 3194 555 3265 est,
569 3192 802 3265 obedientiam,
817 3207 878 3254 nec
890 3192 998 3268 potest
1013 3209 1033 3254 a
1047 3195 1115 3255 Deo
1171 3194 1228 3255 sed
1251 3193 1339 3254 linis.
1355 3196 1441 3256 Nam
1455 3194 1561 3256 ludas
1574 3194 1662 3256 bene
1684 3193 1785 3270 coepit,
1795 3189 1842 3250 sed
1856 3186 1917 3247 male

315 3289 466 3366 recipere
485 3289 656 3366 praemium
677 3290 734 3367 qui
753 3293 886 3352 recusat
909 3292 981 3367 ejus
1004 3289 1115 3352 servi-
1170 3291 1290 3361 finivit,
1311 3293 1389 3370 quia
1408 3291 1558 3354 vendidit
1577 3295 1613 3354 et
1630 3290 1761 3353 tradidit
1781 3285 1915 3352 Christum,

316 3387 411 3448 tium.
428 3387 523 3448 Unde
537 3386 654 3460 David,
676 3388 712 3449 ut
725 3391 836 3465 posset
851 3388 1018 3450 coelestem
1038 3387 1114 3464 glo·
1170 3393 1204 3453 et
1220 3390 1341 3467 laqueo
1365 3405 1401 3452 se
1420 3390 1605 3467 suspendit.
1634 3389 1751 3451 Paulus
1772 3379 1918 3446 1111111111

315 3485 402 3546 riam
435 3485 508 3546 sine
542 3485 608 3546 tine
640 3487 823 3563 percipere,
857 3485 1010 3548 studebat
1041 3501 1116 3546 cum
1170 3489 1280 3565 coepit,
1296 3487 1354 3550 sed
1369 3487 1453 3552 hene
1468 3487 1588 3550 tinivit.
1612 3487 1705 3550 Unde
1723 3477 1918 3555 illeevaugsli·
1983 3555 1984 3564 ἵ

317 3583 480 3646 charitate
501 3586 569 3646 Deo
587 3583 714 3645 servire
733 3584 871 3644 dicens:
898 3587 1115 3646 1111111111-
1171 3601 1230 3648 cus
1255 3587 1306 3648 est
1342 3602 1364 3647 a
1398 3585 1539 3648 Domino
1571 3585 1718 3662 graviter
1750 3577 1916 3654 redargutis,
1983 3569 1984 3662 1

316 3681 479 3744 dotorum
493 3681 633 3741 tuorum
646 3686 788 3742 eucrart
801 3679 871 3757 (Ps.
889 3681 956 3752 118,
971 3679 1036 3758 32).
1053 3679 1116 3741 Via
1171 3684 1249 3762 quia
1264 3683 1364 3759 coepit
1378 3683 1556 3756 adificare,
1573 3683 1607 3744 et
1619 3697 1686 3743 non
1698 3679 1918 3757 potuitcousum·
1983 3665 1984 3686 ¹

317 3777 548 3840 mandatorum
570 3777 693 3838 dicitur
707 3776 912 3852 ohedientia:
933 3777 1012 3854 quia
1031 3776 1117 3837 sicut
1170 3795 1273 3842 mare.
1296 3780 1405 3855 Magis
1425 3795 1506 3842 vero
1529 3778 1737 3857 gaudendum
1748 3775 1792 3837 est
1806 3773 1839 3834 de
1854 3783 1915 3831 con·

317 3875 416 3936 bomo
438 3889 499 3952 per
521 3875 609 3940 viam
633 3875 725 3937 vadit
746 3874 788 3936 ad
812 3875 965 3952 patriam,
988 3875 1035 3936 ita
1057 3889 1116 3950 per
1171 3879 1401 3940 summationis
1425 3893 1538 3955 opere,
1567 3893 1668 3954 quam
1691 3875 1730 3936 de
1750 3869 1914 3946 inceptione·
1983 3925 1984 3982 p

317 3972 538 4036 obedientiam
562 3973 653 4034 vadit
672 3972 713 4034 ad
733 3972 885 4048 gloriam.
907 3975 947 4036 Et
964 3972 1038 4034 ideo
1059 3973 1116 4050 qui
1172 3975 1265 4037 Unde
1280 3977 1416 4038 decimae
1432 3975 1601 4051 digniores
1619 3975 1706 4046 sunt,
1721 3972 1752 4033 ct
1763 3966 1850 4043 magis
1861 3963 1915 4040 pla·
1983 3983 1984 4046 1

319 4071 369 4132 est
383 4071 477 4133 extra
487 4071 576 4132 viam
585 4070 827 4146 mandatorum,
840 4087 907 4134 non
920 4071 1027 4150 potest
1038 4087 1117 4148 per·
1171 4074 1247 4136 cent
1268 4076 1335 4135 Deo
1355 4089 1454 4151 quam
1469 4071 1638 4150 primitiae.
1661 4073 1742 4132 Nam
1760 4065 1870 4128 decima
1887 4057 1916 4118 si

316 4168 433 4230 venire
452 4168 493 4230 ad
513 4185 651 4244 reguum
673 4169 843 4242 coelorum,
870 4169 928 4232 sed
951 4171 1116 4247 perhanc
1170 4171 1331 4246 gnificant
1358 4169 1695 4240 consummationem,
1722 4161 1916 4243 1111111111-
1983 4171 1984 4236 1

316 4267 405 4328 viam
421 4266 541 4327 dehent·
550 4267 633 4343 justi
648 4268 899 4340 currereidest,
907 4268 1067 4330 velociter
1081 4267 1115 4328 in
1170 4268 1237 4330 tem
1250 4268 1394 4330 initium.
1409 4267 1504 4330 Unde
1516 4283 1591 4328 cum
1606 4279 1717 4328 omnes
1730 4259 1915 4324 1111111111-
1983 4241 1984 4294 l

316 4364 471 4428 omnibus
489 4364 639 4437 obedire,
660 4367 693 4428 et
715 4367 832 4428 tollere
854 4382 986 4428 crucem
1008 4381 1114 4438 suam,
1170 4367 1247 4428 rant
1263 4366 1303 4427 ad
1325 4366 1488 4438 hravIum,
1513 4364 1585 4427 sola
1605 4357 1833 4442 perseverantia
1846 4363 1916 4414 1111-

316 4464 349 4526 et
364 4463 458 4544 sequi
476 4463 654 4527 Christum.
674 4464 758 4536 Quia
779 4480 858 4540 ergo
874 4465 1025 4528 Christus
1044 4463 1117 4527 fac-
1170 4467 1279 4528 natur.
1892 4542 1897 4553 ·

315 4563 369 4629 tus
391 4562 441 4623 est
460 4561 618 4624 obediens
641 4561 808 4640 usquead
833 4563 973 4624 mortem
993 4562 1115 4635 crucis,
1210 4561 1400 4625 Notandum
1437 4562 1500 4634 est,
1528 4561 1615 4638 quod
1645 4560 1694 4622 ost
1716 4545 1912 4635 perseverantia

316 4663 354 4723 ut
368 4677 454 4722 unus
469 4677 528 4737 pro
540 4659 693 4722 omnihus
707 4661 872 4736 gustando
884 4661 1034 4732 mortem,
1050 4676 1116 4722 om·
1170 4660 1260 4732 boni,
1279 4663 1312 4724 et
1333 4660 1582 4737 perseverantia
1593 4658 1685 4730 mali,
1703 4650 1844 4716 videlicet,
1860 4645 1913 4745 jus
1983 4719 1984 4744 1

316 4774 376 4822 nes
404 4773 425 4820 a
453 4761 558 4820 morte
579 4759 738 4836 perpetua
767 4758 934 4832 liberaret,
962 4758 995 4820 et
1020 4757 1114 4820 nohis
1170 4760 1280 4822 torum
1303 4761 1337 4822 et
1363 4757 1590 4837 reproborum.
1617 4747 1843 4818 Perseverantia
1857 4741 1911 4800 b011¹

317 4870 410 4932 spem
438 4856 695 4920 resurrectionis
721 4857 754 4919 et
780 4857 897 4933 gloriae
923 4856 1113 4933 largiretur.
1170 4860 1221 4922 est
1234 4858 1357 4932 virtus3
1371 4857 1622 4934 perseverantia
1635 4853 1722 4926 mali,
1733 4849 1840 4913 vitium.
1851 4842 1911 4900 Pcr-
1983 4847 1984 4850 ’

317 4954 479 5030 Majorem
507 4951 728 5017 obedientiam
757 4971 853 5016 nemo
879 4955 952 5032 ipso
982 4953 1114 5028 habuit,
1171 4955 1360 5022 severantia
1381 4956 1548 5032 justorum
1576 4955 1628 5016 est
1648 4963 1773 5014 carnem
1795 4941 1909 5004 vincere,

317 5051 375 5129 qui
396 5050 541 5112 animam
566 5066 662 5112 suam
682 5052 792 5128 posuit
810 5068 872 5129 pro
894 5053 1010 5116 amicis
1032 5053 1114 5124 suis,
1171 5054 1322 5131 proprias
1339 5053 1528 5116 voluntates
1543 5051 1596 5114 vel
1615 5045 1790 5128 voluptates
1803 5035 1908 5099 calcare,
1983 5039 1984 5044 ’

317 5147 408 5226 quia,
424 5164 498 5210 cum
518 5164 667 5212 essemus
686 5150 808 5214 mortui
828 5150 863 5212 in
886 5151 1040 5227 peccatis,
1063 5151 1116 5214 vi-
1171 5152 1425 5216 delectationem
1448 5151 1527 5214 vitae
1552 5146 1722 5228 praesentis
1746 5137 1907 5234 :iuuetis

316 5246 466 5312 vilicavit
479 5261 540 5308 nos
552 5264 612 5324 per
623 5249 763 5312 mortem
778 5264 873 5312 suam
887 5248 1011 5321 delens,
1029 5249 1115 5326 quod
1171 5249 1271 5328 hiu'us
1296 5249 1410 5320 mundi
1432 5264 1551 5327 aspera
1577 5263 1637 5326 pro
1662 5236 1907 5311 aurnupranu

318 5346 478 5416 adversus
503 5360 564 5404 nos
589 5350 672 5418 erat,
695 5347 954 5426 chirographum
978 5348 1114 5420 decreti,
1171 5363 1296 5422 amare,
1313 5347 1545 5430 prosperitatis
1561 5337 1774 5408 blandimenta
1793 5327 1905 5392 contem·

318 5444 445 5526 peccati
459 5443 624 5516 videlicet,
644 5446 677 5508 et
694 5446 821 5518 mortis,
842 5446 929 5523 quod
944 5448 1016 5510 erat
1030 5463 1114 5510 con·
1172 5463 1263 5517 nere,
1289 5447 1508 5510 adversitates
1527 5446 1563 5508 in
1589 5443 1686 5508 corde
1706 5436 1836 5536 tolerare·
1852 5421 1906 5482 Haec
1983 5451 1984 5478 1

318 5540 459 5605 trarium
478 5541 584 5606 uobis.
611 5541 704 5608 Unde
733 5543 870 5608 isaias:
899 5544 1116 5612 tradiditor
1171 5545 1421 5624 perseverantia
1431 5545 1505 5609 erat
1513 5539 1790 5622 subposueram
1798 5513 1903 5588 dictim*
