4122 6308
116 296 177 366 tls
621 299 826 366 bolttttlcn
848 303 892 364 IN
916 303 1079 366 oculta
1100 303 1289 366 PASCHAE.
1721 295 1780 356 all

115 463 262 542 anima;
280 479 319 528 ee
334 467 444 528 autem
460 465 625 542 separato,
639 464 752 524 anima
775 462 927 525 moritur.
983 462 1115 524 diversa
1134 461 1262 534 etiluat,
1283 459 1340 522 sed
1360 475 1435 521 cum
1456 455 1617 536 propheta
1635 471 1734 518 unam
1759 471 1780 518 a

114 563 155 622 Et
170 562 258 626 ideo
275 564 477 628 resurrectio
496 561 609 623 nostra
628 561 728 623 babet
742 576 850 634 mane,
867 561 930 622 ba·
982 562 1122 622 Domino
1142 574 1273 638 semper
1291 559 1397 636 petat;
1420 557 1532 618 unitas
1549 555 1696 627 moralis,
1704 570 1778 632 quas

113 657 171 720 bet
186 662 384 734 meridiem,
399 659 500 721 habet
514 659 547 721 et
561 675 646 720 sero.
668 661 764 720 Mane
779 660 829 720 est
843 675 927 720 con·
983 659 1134 736 proximo
1159 674 1220 719 nos
1247 656 1435 734 conjungit;
1461 654 1548 716 unde
1574 652 1752 714 Psalmista
1768 671 1776 712 ε

112 755 213 818 tritio
239 759 369 831 cordis,
393 757 471 835 quia
492 759 571 818 tunc
592 756 687 817 nobis
708 756 825 833 incipit
846 757 927 818 oriri
982 759 1045 822 Qut
1059 757 1216 818 babitare
1229 756 1312 830 facit
1325 757 1510 816 unanimes
1524 755 1561 812 tu
1573 754 1691 822 domo;
1706 749 1778 809 uui·

114 853 167 914 sol
187 857 349 931 justitiae,
367 855 453 916 siout
473 854 553 915 dicit
568 854 733 914 Malacbia
747 853 925 930 propheta:
981 855 1033 916 tas
1061 854 1261 932 spiritualis,
1293 869 1366 929 quac
1399 867 1460 912 nos
1491 849 1663 926 conjungit
1690 850 1775 921 Deo;

113 968 133 1009 e
149 950 267 1012 Vobis
279 952 471 1014 timentibus
481 967 601 1012 nomen
616 966 725 1012 meum
738 950 864 1012 orietur
877 951 927 1011 sol
982 950 1069 1012 unde
1089 951 1289 1028 Apostolus:
1315 953 1379 1016 ocu
1401 948 1554 1010 acueret
1577 951 1662 1018 Deo,
1685 959 1777 1006 uuus

106 1047 470 1124 justitiae.»Meridies
491 1048 542 1110 est
562 1047 726 1110 confessio
748 1049 832 1120 oris,
849 1048 926 1125 quia
980 1050 1126 1123 spiritus
1145 1050 1198 1110 est
1211 1045 1240 1127 (l
1260 1050 1333 1109 Gor.
1354 1063 1398 1119 v1,
1421 1049 1489 1121 17);
1512 1045 1622 1106 unitas
1641 1041 1776 1104 socialis

106 1145 241 1221 jamin
256 1149 366 1208 mente
378 1147 492 1208 nostra
505 1145 625 1208 crescit
637 1161 730 1206 amor
740 1145 924 1217 charitatis,
980 1145 1068 1207 inter
1082 1145 1237 1222 angelos3
1254 1145 1364 1206 unitas
1379 1143 1564 1221 personalis
1577 1143 1611 1203 in
1627 1140 1773 1214 Gbrist03

109 1242 206 1303 unde
229 1259 299 1306 non
321 1243 547 1306 erubescimus
568 1245 739 1320 peceatum
761 1242 924 1305 confiteri.
980 1243 1092 1304 unitas
1107 1241 1313 1320 principalis,
1329 1258 1402 1319 quae
1424 1241 1457 1303 et
1478 1237 1706 1302 substantialis
1726 1236 1776 1297 est

110 1340 337 1416 Impossibile
358 1342 409 1402 est
428 1341 538 1402 autem
560 1339 727 1402 hominem
751 1341 926 1417 pervenire
960 1341 1015 1422 'in
1034 1340 1213 1403 Trinitate:
1239 1344 1326 1402 Ecce
1345 1354 1449 1414 quoru
1472 1341 1608 1409 bouum,
1625 1336 1658 1397 et
1671 1348 1775 1408 quoru

109 1437 153 1496 sd
170 1437 425 1513 indulgentiam
445 1438 582 1515 quinon
596 1437 668 1500 vult
684 1437 835 1500 confiteri
854 1437 927 1500 cul·
972 1440 1166 1510 jucundum
1176 1437 1280 1518 (Psal.
1294 1440 1362 1509 132,
1378 1435 1422 1516 1).
1436 1436 1519 1496 Sunt
1531 1433 1679 1511 quaedam
1688 1431 1775 1491 bona

108 1549 193 1610 pam
222 1550 333 1596 suam.
358 1535 451 1596 Unde
472 1535 629 1596 Salomon
643 1555 652 1595 z
668 1537 733 1601 out
752 1537 926 1612 abscondit
980 1535 1013 1596 et
1022 1535 1181 1612 jucunda,
1195 1536 1347 1612 quaedam
1363 1550 1423 1597 neo
1440 1533 1527 1594 bona
1542 1547 1603 1592 nec
1614 1528 1774 1607 jucunda,

107 1636 255 1693 seelera
283 1648 363 1704 suo,
390 1647 461 1694 uon
493 1633 677 1709 diripetur.
712 1635 776 1700 Qua·
807 1634 925 1704 uuteru
980 1633 1129 1710 quaedam
1148 1633 1234 1696 bona
1254 1635 1287 1695 et
1306 1647 1373 1694 non
1393 1631 1554 1709 jucunda,
1576 1630 1608 1690 et
1624 1627 1775 1706 quaedam

108 1731 301 1801 consessus
323 1731 442 1803 suesti,
464 1729 498 1790 et
515 1731 737 1803 dereliquerit
761 1744 803 1791 eu
825 1735 926 1792 mise·
975 1731 1122 1807 jucunda
1141 1732 1174 1793 et
1189 1746 1255 1792 non
1275 1729 1373 1791 bona.
1397 1733 1444 1790 De
1462 1727 1558 1788 bonis
1578 1726 1610 1788 et
1628 1741 1694 1786 non
1712 1727 1774 1800 ju-

109 1827 315 1886 m'cordiam
333 1827 561 1900 consequetur
580 1825 692 1903 (Prov.
714 1841 834 1899 xxvnr,
859 1826 922 1906 13).
979 1829 1095 1890 cundis
1110 1828 1304 1905 pervenitur
1323 1827 1365 1888 ad
1387 1826 1474 1887 bona
1496 1827 1529 1887 et
1543 1821 1701 1901 jncunda.
1728 1823 1775 1882 De

111 1920 216 1982 Sicut
227 1922 310 1983 dicit
319 1922 478 1984 lacobus:
489 1923 706 1996 confitemini
714 1924 924 1986 atterutrcuu
974 1926 1132 2003 jncundis
1144 1927 1177 1988 et
1188 1925 1283 1988 bonis
1296 1923 1490 2001 pervenitur
1503 1921 1544 1982 ad
1559 1921 1645 1982 bona
1659 1919 1692 1980 ct
1705 1932 1773 1978 non

108 2019 265 2091 peccata
286 2020 420 2092 oestro,
443 2021 478 2082 et
498 2021 596 2082 orate
615 2035 683 2094 pro
708 2023 865 2094 tuotcem,
886 2023 924 2083 ut
973 2024 1132 2101 iucunda.
1156 2026 1203 2086 De
1222 2022 1380 2100 jucundis
1400 2022 1432 2083 et
1452 2036 1518 2082 non
1537 2017 1634 2080 bonis
1655 2030 1774 2092 perve-

110 2119 308 2177 salvemini
323 2114 408 2195 (Jac.
426 2133 458 2191 v,
476 2115 539 2195 16).
560 2120 640 2178 Sero
658 2119 768 2178 autem
797 2118 847 2180 est
867 2135 923 2179 sa·
977 2122 1068 2183 nitur
1089 2121 1130 2182 ad
1148 2137 1213 2182 nec
1233 2121 1335 2194 bona,
1361 2135 1423 2180 uec
1442 2116 1600 2194 jucunda.
1626 2117 1718 2176 Bona
1741 2112 1774 2174 et

110 2211 270 2274 tislactio
299 2215 425 2290 operis;
453 2230 527 2276 sero
552 2231 694 2293 namque
718 2216 850 2278 initium
872 2217 923 2278 est
977 2235 1044 2282 non
1067 2219 1218 2296 jucunda
1244 2219 1322 2281 sunt
1346 2216 1563 2286 abstinentia,
1592 2210 1771 2290 patientia,

106 2310 241 2382 noctis,
259 2310 293 2371 et
313 2311 479 2387 significat
499 2311 745 2374 adversitatem.
769 2315 806 2374 ln
821 2315 923 2375 satis-
977 2316 1164 2393 disciplina.
1184 2317 1336 2379 iucunda
1363 2316 1395 2377 et
1411 2331 1478 2378 non
1500 2313 1588 2374 bona
1613 2309 1690 2370 sunt
1707 2323 1771 2369 vo-

111 2403 269 2468 factione
290 2408 378 2468 enim
400 2408 510 2484 operis
531 2409 581 2472 est
602 2398 787 2472 adversitas
815 2411 923 2488 poeni-
976 2415 1100 2492 inpiae,
1126 2414 1314 2476 curiositas.
1345 2416 1439 2474 Bona
1465 2411 1497 2472 et
1520 2408 1668 2487 jncunda
1696 2405 1774 2467 sunt

111 2501 236 2564 teutiae
258 2504 292 2565 et
317 2505 466 2582 corporis
485 2505 638 2578 aldicti0,
660 2507 772 2583 utpote
793 2508 918 2580 carina,
976 2512 1144 2585 honestas,
1152 2511 1290 2589 puritas,
1307 2511 1339 2572 et
1354 2507 1559 2572 castitasnd
1574 2506 1637 2568 boc
1649 2503 1772 2564 bonum

114 2599 275 2673 exilium,
294 2602 327 2663 θ1
351 2601 419 2663 alia
442 2603 546 2665 multa
566 2603 683 2680 gravia
710 2620 783 2681 quae
808 2606 920 2682 poeni·
975 2609 1188 2672 obtinendum
1212 2607 1402 2671 necessaria
1417 2606 1468 2668 est
1483 2604 1594 2666 unitas
1613 2601 1773 2678 spiritua-

112 2697 268 2758 tentibus
282 2699 508 2776 imponuntur.
975 2704 1028 2778 lis,
1052 2707 1162 2768 unitas
1186 2706 1361 2778 naturalis,
1387 2704 1498 2766 unitas
1522 2699 1670 2762 moralis.
1694 2697 1772 2759 Pri-

156 2797 249 2856 Cum
267 2796 382 2870 itaque
397 2798 487 2858 essct
507 2811 588 2860 sero
607 2801 661 2860 dte
676 2801 747 2871 uto,
766 2798 922 2862 videlicet
974 2821 1062 2866 mam
1086 2803 1274 2866 disturbant
1299 2801 1555 2880 pusillanimitas
1581 2798 1614 2860 et
1638 2795 1769 2858 levitas.

113 2892 394 2966 resurrectionis,
415 2909 486 2956 uuo
506 2896 748 2958 sobbutborum
751 2939 811 2957 .....
838 2897 922 2958 Sab-
975 2901 1238 2964 pusillanimitas
1254 2900 1335 2962 lacit
1348 2899 1552 2977 propositum
1568 2895 1768 2971 relinquere,

112 2986 259 3048 bathum
284 2989 523 3067 iuterpretatur
550 2991 701 3070 requies,
732 2994 809 3071 quia
841 2995 920 3056 tunc
975 3000 1094 3062 levitas
1117 3000 1257 3061 mutare.
1278 2999 1425 3060 Alteram
1450 2994 1639 3063 obstinatio,
1666 2992 1772 3052 simu-

115 3085 538 3164 1θ81113111101110,(111111ᾶο
559 3103 637 3150 caro
656 3089 690 3150 ot
709 3090 845 3166 spiritus
865 3107 921 3152 re-
974 3097 1066 3166 latio,
1088 3097 1254 3174 suspectio
1276 3095 1473 3158 disturbant.
1499 3089 1683 3154 Obstinatio
1703 3103 1769 3149 non

114 3183 296 3258 quiescunt
317 3199 337 3244 a
358 3185 460 3254 vitiis,
486 3185 670 3247 resistendo
698 3188 759 3248 eis.
786 3191 919 3267 Deque
973 3194 1100 3272 recepit
1129 3194 1336 3271 proximum,
1367 3191 1534 3268 suspectio
1564 3204 1632 3250 non
1665 3184 1771 3247 credit

114 3281 236 3356 requie
255 3280 336 3343 dicit
354 3281 512 3344 Dominus
529 3298 589 3359 per
608 3283 836 3346 Ezechielem:
855 3289 920 3352 dcli
973 3292 1136 3367 proximo.
1168 3294 1249 3368 Spes
1276 3293 1476 3370 aeternorum
1501 3285 1640 3363 expellit
1664 3282 1771 3360 pusil-

115 3378 440 3451 primusprimus
455 3377 586 3458 (Ezeoh.
601 3396 651 3452 111,
667 3379 733 3459 27),
749 3381 844 3454 idest,
862 3384 919 3460 qui
973 3388 1207 3459 lanimitatem,
1233 3387 1411 3448 obstinatio
1436 3385 1671 3452 bumilitatem,
1695 3395 1771 3440 sus-

116 3473 263 3550 11111θῦοἢ
277 3476 399 3547 animo,
413 3477 563 3552 quiescat
579 3478 610 3539 et
627 3493 776 3554 corpore.
972 3483 1059 3562 picio
1075 3485 1107 3546 et
1119 3484 1288 3545 simulatio
1303 3482 1497 3544 charitatem
1513 3478 1693 3556 expellunt.

156 3571 240 3632 Viso
257 3571 297 3633 de
311 3573 470 3649 tempore,
487 3574 528 3635 de
545 3573 618 3636 loco
639 3575 731 3636 etde
751 3577 917 3637 consortio
1012 3583 1049 3642 ln
1070 3582 1179 3643 mente
1193 3596 1273 3657 ergo
1293 3580 1432 3657 quisque
1449 3578 1545 3640 debet
1566 3591 1639 3638 esse
1654 3573 1768 3651 januis

117 3669 396 3745 congregatorum
417 3671 599 3732 videamus.
624 3673 670 3732 ut
689 3675 783 3746 sores
803 3676 917 3735 esseut
973 3678 1106 3740 clausis.
1134 3679 1188 3740 Sic
1209 3678 1298 3739 enim
1325 3678 1400 3738 ait:
1424 3680 1509 3739 Cuuc
1534 3678 1627 3750 sores
1653 3671 1770 3734 esseut

116 3771 265 3838 claresce,
299 3769 356 3826 1111
390 3768 494 3837 eraut
528 3772 686 3843 discipuli
719 3769 918 3847 conprcpott
972 3781 1107 3848 ctusuoe,
1122 3780 1178 3837 ubi
1194 3777 1296 3837 eraut
1309 3777 1465 3848 discipuli
1476 3771 1687 3850 coupreputi.
1704 3771 1771 3830 Do-

114 3863 265 3936 propter
287 3865 416 3926 metum
444 3868 658 3927 Iudaeorum.
694 3868 817 3939 Locus,
847 3869 918 3930 sive
973 3890 1046 3934 mus
1072 3875 1197 3945 nostra,
1225 3873 1323 3944 idest,
1349 3873 1460 3933 anima
1486 3871 1601 3932 nostra
1625 3868 1770 3944 quinque

117 3956 236 4020 domus
250 3960 306 4020 ubi
321 3963 417 4023 erant
435 3961 588 4038 discipuli
608 3964 811 4040 congregati,
832 3964 919 4039 ngu-
972 3973 1085 4045 portas
1111 3969 1225 4041 babet,
1256 3970 1418 4046 quinque,
1443 3966 1613 4036 uidelicet,
1637 3979 1767 4024 sensus.

118 4069 195 4116 rare
219 4057 350 4119 videtur
373 4059 518 4121 mentem
539 4059 815 4138 uniuscujusque,
839 4062 916 4138 quia
972 4067 1034 4138 Qui
1058 4057 1136 4127 licet
1159 4066 1313 4127 dicautur
1333 4081 1450 4126 sensus
1474 4062 1634 4139 corporis,
1657 4061 1769 4121 tamen

117 4153 279 4215 Dominus
294 4155 328 4216 in
345 4156 490 4217 scissura
511 4158 682 4230 mentium,
698 4158 795 4231 idest,
814 4159 849 4219 in
868 4159 916 4220 eis
971 4163 1203 4240 principaliter
1226 4163 1259 4224 et
1280 4163 1413 4240 proprie
1435 4161 1512 4222 sunt
1533 4159 1665 4230 animae,
1690 4156 1768 4233 quia

117 4252 174 4326 qui
190 4251 313 4314 babent
324 4253 464 4314 scissam
479 4257 512 4316 et
525 4253 665 4316 divisam
679 4258 832 4328 mentem,
850 4272 916 4318 non
971 4262 1042 4322 sola
1062 4261 1174 4322 anima
1194 4261 1261 4322 vim
1280 4259 1379 4321 babet
1398 4259 1542 4328 auditus,
1558 4257 1591 4318 et
1609 4256 1713 4326 visus,
1735 4253 1768 4314 et

119 4345 258 4421 habitat,
276 4349 382 4411 sedin
398 4351 447 4412 eis
463 4352 519 4428 qui
535 4353 709 4415 unanimes
725 4355 916 4430 cougregati
971 4359 1177 4420 caeterorum.
1205 4356 1360 4434 Corporis
1383 4357 1492 4418 autem
1519 4354 1594 4416 ideo
1613 4351 1768 4414 dicuutur

117 4443 243 4507 luerint
258 4447 292 4508 in
307 4448 435 4509 unitate
447 4447 585 4524 spiritus
602 4449 636 4510 et
649 4448 685 4510 iu
699 4449 832 4512 uinculo
850 4467 915 4528 pa·
971 4471 1101 4528 sensus,
1126 4456 1204 4532 quia
1228 4455 1262 4516 in
1283 4470 1322 4516 eo
1342 4455 1418 4516 sunt
1440 4454 1590 4529 ipsorum
1609 4465 1767 4512 sensuum

117 4542 176 4614 cis,
193 4543 352 4604 Dominus
363 4543 514 4606 habitare
524 4545 693 4622 probatur.
709 4546 802 4608 Unde
816 4547 915 4609 etiam
970 4553 1202 4625 instrumenta,
1223 4553 1389 4623 videlicet,
1405 4567 1515 4621 aures,
1530 4547 1680 4611 oculi.....
1698 4548 1767 4608 Neo

117 4638 240 4701 dicitur
267 4639 302 4700 in
334 4639 621 4704 benedictionibus
648 4665 655 4704 ε
683 4646 761 4705 «ln
789 4645 915 4710 unitata
970 4651 1059 4712 enim
1085 4665 1225 4727 corpora
1249 4649 1365 4710 audire
1392 4650 1450 4710 aut
1476 4647 1588 4708 videre
1616 4643 1765 4722 possunt,

118 4737 230 4798 Sancti
247 4737 390 4812 Spiritus
405 4737 579 4800 benedicat
597 4754 657 4801 nos
675 4742 785 4813 Pater,
806 4746 840 4804 et
859 4743 916 4804 Fi·
969 4747 1027 4808 sed
1046 4747 1157 4807 anima
1178 4746 1260 4819 sola,
1285 4747 1363 4823 quia
1385 4746 1456 4822 ipsa
1481 4743 1667 4814 recedente,
1689 4741 1768 4804 licet

116 4832 223 4894 lius.»
239 4834 295 4895 Est
309 4835 419 4896 unitas
434 4837 610 4909 naturalis,
631 4837 742 4900 unitas
757 4840 912 4913 carnalis
969 4844 1004 4905 in
1019 4859 1157 4921 corpore
1169 4844 1242 4921 ipsa
1260 4843 1480 4905 instrumenta
1495 4841 1699 4913 remaneant,
1713 4841 1768 4902 ta-

117 4931 227 4992 unitas
242 4930 407 5004 virtualis,
425 4933 535 4995 unitas
550 4934 698 5006 moralis,
715 4936 826 4998 unitas
841 4937 913 5013 spi·
968 4957 1043 5000 men
1059 4941 1131 5001 sine
1151 4940 1270 5002 effectu
1289 4939 1422 5001 videtur
1436 4955 1476 5000 ea
1491 4938 1626 5000 babere.
1643 4940 1680 4998 ln
1696 4952 1767 4998 cor·

116 5027 258 5100 ritualis,
279 5029 390 5090 unitas
410 5030 556 5103 socialis,
583 5031 693 5095 unitas
715 5034 911 5111 personalis,
967 5054 1048 5114 pore
1065 5053 1207 5115 namque
1223 5036 1481 5114 remanentque
1496 5037 1592 5098 erant
1604 5035 1764 5113 corporis,

115 5128 147 5186 et
161 5126 272 5186 unitas
286 5127 493 5204 principalis.
967 5135 1115 5208 scilicet,
1141 5136 1362 5198 instrumenta
1391 5151 1560 5196 sensuum.
1590 5133 1657 5209 Ipsi
1686 5148 1764 5194 vero

154 5223 272 5285 Unitas
291 5223 455 5284 naturalis
470 5223 558 5287 inter
569 5241 689 5303 corpus
707 5227 740 5289 et
754 5228 909 5301 animam,
968 5249 1085 5294 sensus
1100 5233 1311 5295 recesserunt
1326 5249 1399 5292 cum
1413 5231 1536 5301 anima,
1551 5230 1629 5306 quia
1645 5230 1764 5291 animae

115 5319 224 5381 unitas
248 5321 393 5382 carnalis
417 5322 505 5384 inter
537 5323 645 5384 virum
671 5327 704 5386 et
729 5325 909 5401 foeminam,
967 5332 1073 5403 erant,
1090 5346 1156 5391 non
1176 5329 1326 5406 corporis
1341 5344 1469 5390 sensus.
1492 5331 1557 5389 Per
1573 5328 1634 5388 bas
1652 5328 1764 5403 portas

115 5416 200 5478 unde
217 5419 375 5494 scriptum
390 5418 441 5480 est
455 5421 520 5481 :Et
544 5423 648 5482 eruut
665 5425 732 5485 duo
751 5427 788 5484 tu
805 5441 911 5488 carrae
966 5443 1056 5488 mors
1072 5427 1267 5503 ingreditur,
1285 5426 1352 5487 nisi
1369 5425 1435 5488 sint
1454 5426 1587 5487 clausae.
1607 5423 1699 5486 Unde
1716 5422 1765 5485 ait

114 5530 182 5576 una
211 5513 306 5594 (Gen.
334 5532 371 5588 11,
398 5515 470 5594 24);
496 5519 608 5580 unitas
640 5520 809 5594 virtualis,
837 5539 910 5600 quae
964 5525 1256 5588 ieremiaszMors
1266 5524 1414 5584 intrauit
1424 5539 1491 5597 per
1504 5522 1676 5597 fenestras
1688 5535 1764 5582 uos·
1820 5591 1823 5596 ¹

114 5613 278 5674 bominem
307 5613 370 5676 sibi
394 5615 459 5692 ipsi
481 5617 670 5694 conjungit,
698 5619 824 5682 utnon
851 5637 911 5698 per
965 5623 1041 5684 tras
1066 5619 1200 5701 (terem.
1225 5637 1272 5692 rx,
1302 5620 1368 5700 21).
1391 5620 1530 5693 Quando
1550 5618 1639 5680 enim
1659 5617 1762 5680 bomo
