4122 6308
323 335 383 399 887

362 501 391 560 Α
412 496 560 567 deciris,
582 493 672 572 juste
699 491 804 555 bonos
832 487 1082 570 ampiectendo'3'
1101 507 1123 552 o

321 593 488 664 sinistris,
503 590 607 652 malos
623 589 753 651 13111131
773 589 957 651 tolerando.
982 588 1044 649 Dat
1062 604 1123 665 pa-

322 705 394 750 cem
406 689 527 760 carnis,
544 686 674 764 quando
692 702 769 748 caro
785 702 851 747 non
871 686 1035 763 repugnat
1053 685 1123 762 spi-

323 787 414 848 ritui.
433 786 525 848 Unde
541 785 665 847 isaias:
694 785 813 845 Veniat
828 799 912 858 poa,
928 782 1121 857 repicicseot

325 886 362 943 in
378 886 478 944 cubili
494 897 567 954 suo,
594 885 651 956 qui
673 883 859 942 ambulavit
875 884 912 942 in
935 881 1121 942 directione

324 995 389 1041 suo
405 978 462 1058 (13.
485 995 565 1052 nvn,
586 978 632 1058 2),
649 979 744 1050 idest,
761 979 796 1038 in
814 977 1012 1040 rectitudine
1026 976 1121 1038 bonae

322 1076 400 1138 vitae
421 1075 603 1153 requiescit
624 1076 658 1137 in
675 1075 777 1137 cubili
792 1092 864 1147 suo,
883 1075 979 1146 idest,
1003 1074 1038 1134 in
1062 1090 1120 1150 spe

323 1173 401 1234 ritae
417 1175 562 1243 aeternae,
585 1172 638 1235 vel
654 1173 688 1234 in
703 1172 979 1250 contemplatione
999 1174 1122 1250 majes-

324 1270 402 1334 tatis
415 1271 548 1333 divinae.

365 1368 501 1444 Oportet
523 1367 623 1428 etiam
644 1368 680 1430 ut
706 1368 763 1445 qui
788 1369 891 1430 Deum
920 1367 991 1429 11111
1016 1365 1120 1428 libere

325 1462 543 1539 contemplari
562 1464 697 1525 mundet
716 1480 774 1526 cor
791 1480 810 1524 a
829 1463 1045 1525 saecularibus
1067 1479 1122 1524 eu·

325 1559 384 1632 ris,
404 1561 481 1637 quia
506 1561 663 1638 quamdin
677 1561 776 1624 luerit
790 1561 932 1622 divisum
951 1576 1011 1639 per
1029 1576 1121 1622 mun·

326 1654 429 1716 danas
446 1657 606 1730 actiones,
629 1659 661 1720 et
682 1658 874 1720 distractum
898 1674 957 1734 per
983 1674 1121 1736 occupa·

325 1752 433 1814 tiones
447 1755 610 1827 terrenas,
627 1756 722 1833 quasi
740 1756 941 1831 prostratum
955 1755 997 1816 ad
1013 1755 1120 1816 solum

327 1850 497 1927 suspicere
507 1852 622 1928 nequit
635 1851 676 1912 ad
686 1851 810 1928 polum.
824 1852 915 1923 Quod
926 1852 1010 1914 hene
1021 1853 1121 1929 signi·

326 1945 459 2008 ficatum
477 1947 527 2009 est
545 1948 578 2008 in
596 1949 745 2022 zachaeo,
761 1949 818 2026 qui
831 1965 904 2009 cum
922 1953 1010 2012 esset
1021 1951 1119 2027 prin-

325 2057 403 2119 ceps
428 2043 690 2120 publicanorum,
714 2049 746 2107 et
770 2045 842 2122 ipse
861 2045 964 2118 dives,
989 2045 1121 2108 volebat

323 2141 437 2201 iesum
451 2141 565 2203 videre
578 2142 651 2220 quis
666 2142 765 2214 esset,
778 2143 884 2204 donec
893 2143 1023 2204 turbam
1039 2160 1121 2220 prae·

323 2236 459 2309 teriens,
489 2237 590 2310 idest,
608 2239 843 2316 occupationes
863 2241 1048 2302 mundanas
1070 2256 1121 2303 re·

326 2331 491 2410 linquens,
513 2335 663 2396 aseendit
676 2336 712 2396 in
731 2336 883 2398 arborem
898 2353 1118 2414 sycomorum,

326 2427 422 2501 idest,
439 2430 481 2490 ad
496 2431 593 2494 iidem
608 2432 749 2494 vivificae
771 2434 880 2494 crucis
899 2435 1052 2497 accessit.
1073 2437 1120 2496 De

326 2541 391 2601 qua
402 2528 732 2604 comprehenditcum
743 2530 895 2592 omnibus
909 2533 1033 2594 sanctis
1046 2548 1118 2610 quae

324 2621 368 2683 sit
378 2623 559 2700 longitudo,
576 2626 727 2697 latitudo,
742 2644 815 2705 quae
829 2628 872 2690 sit
886 2628 1072 2690 sublimitas
1087 2629 1120 2691 et

323 2718 533 2794 protundum.
561 2723 745 2799 Abigantur
779 2740 859 2802 ergo
894 2742 1016 2788 muscae
1042 2743 1118 2789 mo-

323 2815 459 2891 rientes,
484 2836 557 2896 quae
577 2823 720 2898 perdunt
733 2823 929 2886 suavitatem
947 2825 1116 2901 unguenti,

325 2911 390 2973 hoo
422 2915 483 2989 est,
517 2918 737 2980 excludantur
765 2921 962 2997 importunae
991 2923 1119 2998 cogita-

322 3007 441 3085 tiones,
479 3030 551 3091 quae
587 3017 875 3095 contemplationis
911 3019 1117 3081 dulcedinem

322 3106 453 3170 tollunt.
1034 3165 1040 3172 ,

362 3207 424 3268 Dat
437 3222 552 3283 pacem
570 3211 778 3284 aeternitatis
795 3213 926 3291 quando
947 3214 1117 3277 13311331-

322 3315 410 3364 mam
438 3306 649 3383 requiescere
677 3310 711 3370 in
747 3312 872 3372 aeterna
900 3313 1114 3374 beatitudine.

323 3398 416 3461 Unde
442 3403 568 3464 David:
591 3410 635 3467 ln
655 3423 741 3482 poce
762 3411 800 3468 in
821 3412 971 3484 idipslon
996 3414 1118 3473 obdor-

319 3499 429 3560 miam
442 3501 698 3576 ctreqoicscom
710 3504 779 3582 (Ps.
794 3509 824 3578 4,
836 3504 881 3585 9).
897 3507 1042 3584 idipsum
1057 3508 1117 3584 igi-

319 3592 375 3654 tur
389 3597 475 3671 quod
488 3614 618 3676 semper
636 3601 724 3662 idem
739 3602 799 3674 est,
817 3605 850 3664 et
869 3620 935 3666 non
957 3606 1112 3666 mutatur.

320 3691 393 3752 Pax
405 3693 440 3753 in
455 3694 598 3770 idipsum
613 3713 679 3758 non
695 3699 744 3760 est
758 3699 823 3760 nisi
839 3701 874 3760 in
891 3701 1016 3764 aeterna
1030 3701 1113 3764 bea-

318 3787 472 3862 titudine,
486 3791 541 3851 uhi
557 3793 641 3853 nihil
657 3795 707 3855 est
719 3795 889 3857 mutabile.

359 3885 511 3949 Diximus
539 3890 580 3951 de
608 3891 750 3954 statione
778 3894 928 3971 Domini;
965 3895 1114 3960 dicamus

319 3998 407 4044 nunc
420 3984 461 4046 de
477 3986 642 4052 oblatione
656 3989 757 4066 piscis
769 3991 848 4063 assi,
865 3993 898 4055 et
913 3993 980 4054 lavi
993 3996 1110 4056 mellis.

318 4082 482 4159 Praecepit
496 4087 626 4163 Moyses
644 4088 680 4150 ut
703 4088 811 4165 pisces
833 4091 971 4168 quinon
991 4093 1113 4155 habent

317 4179 481 4254 pennulas
507 4184 539 4244 et
562 4199 762 4262 squammas,
792 4204 860 4250 non
884 4191 1111 4253 comedantur.

318 4276 432 4338 Pisces
448 4281 525 4342 sunt
538 4281 705 4358 homines3
723 4287 876 4361 pennulae
892 4289 967 4348 sunt
985 4288 1114 4352 discre-

317 4371 426 4436 tiones
440 4377 596 4453 rationis;
614 4396 794 4457 squammae
807 4386 882 4444 sunt
896 4385 1109 4461 poenitentiae,

316 4473 541 4548 austeritates
562 4476 616 4536 vel
638 4479 861 4542 continentiae.
885 4482 998 4544 Pisces
1019 4500 1109 4560 ergo,

317 4569 372 4644 qui
388 4585 454 4632 non
467 4571 590 4635 habent
603 4576 763 4650 pennulas
776 4577 829 4640 vel
842 4593 1042 4654 squammas,
1065 4582 1112 4641 si-

315 4665 477 4742 gnificant
501 4685 559 4731 eos
588 4672 734 4748 quinon
760 4675 876 4737 vivunt
910 4675 1051 4739 discrete
1080 4679 1112 4740 31

315 4763 571 4840 rationabiliter,
597 4784 658 4830 nec
693 4771 827 4832 servant
859 4773 1107 4847 continentiam,

316 4859 573 4934 velpalientiam
582 4865 616 4926 in
626 4865 757 4944 injuriis
770 4866 1111 4945 ethujusmodi.Tales

317 4969 383 5014 non
399 4955 518 5020 debent
530 4963 668 5034 comedi,
683 4963 777 5033 idest,
797 4964 933 5036 imitari,
951 4967 1109 5043 quianon

315 5050 473 5115 debemus
489 5071 603 5118 eorum
618 5058 818 5135 malaopera
835 5060 939 5139 sequi.

355 5151 506 5230 Quinque
528 5155 614 5216 enim
641 5155 717 5217 sunt
744 5157 963 5234 proprietates
988 5159 1107 5235 piscis:

315 5247 416 5326 piscis
433 5251 564 5327 inaqua
575 5253 717 5325 creatur,
730 5254 765 5315 in
779 5255 966 5331 aquavivit,
981 5273 1110 5333 squam·

315 5346 378 5407 mis
398 5347 547 5418 vestitur,
569 5365 689 5411 manna
713 5352 928 5424 iaecundatur,
946 5369 1049 5431 aquas
1073 5354 1108 5415 in

315 5443 427 5505 fauces
455 5443 558 5506 trahit
582 5447 616 5508 et
645 5449 791 5510 remittit.
827 5451 1013 5511 Secundum
1047 5452 1108 5513 has

315 5545 459 5622 quinque
474 5542 525 5604 sui
543 5544 761 5622 proprietates
775 5547 884 5607 uirum
908 5547 1038 5610 fidelem
1058 5551 1108 5611 si-

313 5639 458 5714 gnificat.
474 5641 582 5704 Piscis
601 5642 637 5703 in
652 5659 737 5720 aqua
753 5645 903 5708 creatur:
920 5662 1005 5725 aqua
1026 5663 1106 5710 ver-

790 319 966 394 uononlr
988 329 1033 394 ιιι
1055 330 1204 394 ornan.
1221 359 1258 376 -
1275 328 1507 394 3331133113.

1931 328 2018 414 ses

1175 488 1253 552 bum
1276 489 1337 551 Dei
1355 490 1535 566 significan
1553 488 1630 566 quia
1644 487 1730 550 sicut
1744 503 1831 566 aqua
1847 487 2013 550 terram

1176 587 1355 665 liquefacit,
1371 587 1419 650 ita
1433 587 1570 649 verbum
1585 587 1645 648 Dei
1665 587 1784 662 irrigat
1800 601 1886 647 rore
1900 602 2013 662 gra-

1175 686 1232 747 tiae
1256 687 1417 755 animam,
1443 686 1496 747 cui
1525 701 1561 745 se
1587 685 1774 746 immiscere
1802 683 2007 760 dignatur.

1177 784 1270 844 Unde
1285 799 1406 860 sponsa
1422 783 1456 843 in
1472 783 1624 844 cantico:
1638 786 1765 844 Animo
1779 795 1860 842 nica
1874 785 2011 856 lique·

1175 877 1870 957 1331333131311133133133313333110331.
1884 896 1924 950 v,
1940 877 2005 955 6).

1176 977 1277 1049 Quasi
1305 977 1453 1040 diceret:
1483 975 1627 1037 Verbum
1654 977 1766 1038 dilecti
1799 975 2005 1052 liquefacit

1175 1075 1320 1136 animam
1339 1090 1446 1136 meam
1466 1089 1559 1135 more
1582 1090 1687 1152 aquae.
1713 1073 1820 1135 Piscis
1841 1089 1934 1149 ergo
1952 1073 2001 1132 in

1175 1188 1261 1250 aqua
1276 1173 1408 1234 creatus
1428 1171 1559 1233 fidelem
1580 1171 1756 1248 significat,
1774 1170 1829 1248 qui
1850 1186 2000 1232 renas-

1175 1270 1261 1330 citur
1286 1286 1328 1330 311
1352 1285 1437 1347 aqua
1458 1269 1492 1330 31
1514 1269 1640 1344 Spiritu
1660 1269 1784 1340 sancto,
1804 1269 1836 1328 et
1856 1267 2000 1344 incipit

1175 1367 1345 1429 ambulare
1366 1367 1401 1428 in
1419 1366 1564 1430 novitate
1587 1365 1676 1428 vitae.
1702 1365 1808 1427 Piscis
1830 1365 1867 1426 in
1887 1379 1997 1442 aqua

1174 1465 1267 1538 vivit,
1284 1465 1317 1526 et
1330 1478 1417 1542 aqua
1432 1465 1483 1526 est
1497 1463 1592 1541 quasi
1609 1463 1678 1525 vita
1696 1464 1780 1540 ejus,
1800 1457 1834 1524 31
1855 1479 1925 1524 333
1948 1463 1994 1522 in

1174 1564 1242 1623 Deo
1255 1562 1408 1634 vivimus,
1419 1575 1590 1623 movemur
1605 1561 1637 1623 et
1652 1560 1817 1632 sumus,et
1833 1560 1912 1637 ipse
1930 1561 1996 1620 est

1174 1659 1243 1720 vita
1259 1659 1383 1721 nostra.
1401 1658 1494 1720 Unde
1508 1657 1705 1735 Apostolus:
1729 1658 1992 1722 03331011νὶ3-

1175 1756 1231 1816 ius
1250 1757 1456 1830 apparuerit
1482 1757 1555 1816 vito
1584 1754 1720 1826 vestrm
1747 1755 1829 1815 itanc
1856 1754 1891 1814 ct
1915 1768 1989 1814 vos

1174 1855 1385 1927 apparebitis
1398 1869 1476 1913 cum
1498 1857 1572 1928 ipso
1591 1855 1628 1912 in
1646 1855 1756 1928 plocio
1772 1849 1895 1930 (Gelos.
1923 1867 1984 1922 ιιι,

1174 1948 1219 2027 4).
1252 1950 1358 2011 Piscis
1392 1949 1572 2026 squammis
1600 1949 1764 2011 vestitur:
1789 1963 1986 2025 squammae

1174 2047 1323 2108 rotundae
1346 2048 1477 2110 suntet
1500 2047 1660 2118 13333133,
1685 2048 1717 2107 31
1737 2045 1878 2123 quadam
1908 2045 1984 2106 sibi

1175 2145 1446 2206 concatenatione
1457 2145 1654 2221 junguntur.
1676 2143 1875 2205 Rotunditas
1893 2159 1986 2220 per-

1175 2240 1348 2303 lectionem
1369 2241 1544 2318 signiticat.
1572 2243 1758 2319 Squammae
1772 2240 1884 2317 itaque
1900 2240 1982 2301 vir-

1174 2337 1280 2399 tutum
1304 2338 1501 2400 vestimenta
1526 2338 1717 2414 designant,
1747 2354 1821 2416 quae
1849 2337 1981 2400 ornant

1174 2436 1329 2496 animam.
1349 2437 1395 2496 De
1416 2435 1536 2513 quibus
1549 2435 1709 2512 scriptum
1722 2437 1772 2496 est
1785 2435 1978 2511 13113333-

1173 2533 1276 2610 lypsi:
1292 2534 1423 2595 Beatus
1436 2537 1495 2606 oui
1508 2533 1655 2594 custodit
1667 2533 1873 2594 vestimenta
1891 2548 1974 2604 snio,

1173 2646 1217 2692 ne
1230 2634 1342 2692 naudus
1357 2631 1503 2692 ambulet
1526 2628 1641 2710 (Apoo.
1658 2646 1728 2698 xv1,
1743 2628 1806 2707 15).
1828 2631 1976 2708 Squam-

1173 2745 1234 2789 mae
1249 2729 1360 2790 autem
1373 2728 1522 2790 rotundae
1538 2729 1624 2799 sunt,
1645 2728 1723 2804 quia
1739 2728 1878 2789 virtutes
1891 2743 1975 2804 per-

1172 2825 1293 2887 fectum
1324 2825 1491 2887 hominem
1519 2824 1666 2900 iaciunt3
1696 2824 1844 2886 lucentes
1872 2827 1969 2897 sunt,

1173 2923 1250 3000 quia
1268 2923 1324 3001 qui
1348 2939 1404 2984 eas
1426 2924 1621 3000 sequuntur,
1652 2939 1720 2984 non
1736 2923 1906 2984 ambulant
1932 2925 1970 2983 in

1171 3019 1471 3096 tenebris;n1utua
1506 3020 1570 3081 sihi
1596 3020 1868 3090 concatenatione
1886 3022 1973 3097 jun-

1171 3118 1303 3193 guntur,
1319 3117 1396 3194 quia
1411 3117 1550 3179 virtutes
1564 3117 1704 3194 quadam
1717 3117 1851 3180 foederis
1868 3117 1969 3194 parti·

1172 3215 1337 3290 cipatione
1364 3215 1581 3291 colligantur3
1596 3231 1673 3275 nam
1689 3215 1840 3289 virtutes,
1862 3215 1890 3275 si
1913 3231 1971 3276 se-

1170 3312 1295 3388 paratae
1310 3311 1443 3384 inerint,
1461 3312 1670 3374 delabuntur.

1210 3409 1257 3469 De
1272 3409 1458 3485 cognitione
1478 3409 1566 3469 enim
1581 3409 1708 3484 peceati
1723 3409 1871 3470 nascitur
1890 3425 1965 3485 poe-

1170 3503 1320 3574 nitentia,
1332 3504 1372 3566 de
1382 3505 1576 3583 poenitentia
1587 3522 1675 3582 spes,
1687 3505 1727 3566 de
1737 3522 1795 3583 spe
1805 3506 1961 3580 charitas,

1170 3618 1243 3678 quae
1252 3603 1410 3679 tanquam
1423 3619 1594 3681 squamma
1605 3604 1712 3680 operit
1722 3603 1964 3665 multitudinem

1169 3701 1389 3776 peccatorum.
1400 3700 1506 3760 Piscis
1518 3716 1608 3776 ergo,
1623 3701 1962 3778 squammisaesntus,

1169 3796 1517 3859 estddelisvirtutihus
1526 3798 1717 3860 adornatus.
1729 3799 1834 3860 Piscis
1843 3815 1962 3861 manna

1168 3893 1391 3955 foecundatur:
1406 3911 1527 3956 manna
1540 3896 1707 3972 significat
1719 3896 1892 3968 Christum,
1906 3899 1961 3975 qui

1167 3992 1218 4054 est
1237 3992 1331 4068 panis
1347 3993 1443 4054 vivus
1466 3993 1521 4069 qui
1542 3993 1583 4054 de
1601 3995 1685 4054 coelo
1701 3994 1877 4056 descendit.
1892 3998 1961 4058 1133

1168 4105 1288 4150 manna
1318 4091 1458 4167 quisque
1490 4089 1598 4150 tidelis
1633 4090 1851 4164 iaecundatur,
1886 4093 1959 4154 dum

1169 4203 1306 4265 corpore
1317 4187 1350 4248 et
1361 4187 1524 4264 sanguine
1540 4191 1611 4264 ejus
1625 4188 1785 4251 reficitur.
1804 4189 1893 4252 Unde
1906 4191 1957 4251 le-

1166 4285 1286 4360 gimus,
1301 4284 1387 4363 quod
1409 4285 1480 4362 ipse
1501 4285 1593 4361 pavit
1607 4285 1693 4347 tilios
1716 4287 1819 4348 lsrael
1842 4304 1957 4349 manna

1166 4382 1201 4442 in
1215 4383 1355 4445 deserto.
1374 4384 1453 4444 11131
1471 4383 1582 4444 331313
1595 4399 1717 4445 133333
1732 4385 1827 4462 quasi
1849 4401 1954 4447 semen

1166 4480 1335 4542 coriandri
1358 4480 1480 4554 album,
1505 4481 1538 4542 31
1559 4483 1676 4557 gustus
1701 4485 1773 4559 ejus
1795 4483 1887 4560 qnasi
1907 4485 1954 4545 si-

1165 4576 1254 4636 milis
1270 4592 1344 4638 cum
1359 4578 1468 4638 melle.
1488 4580 1607 4639 Samen
1632 4580 1801 4641 coriandri
1825 4597 1954 4657 parvum

1165 4674 1216 4734 331
1232 4673 1364 4748 quidem
1374 4675 1440 4735 sed
1457 4675 1553 4736 valde
1569 4677 1724 4738 calidum.
1741 4679 1862 4740 Manna
1876 4681 1953 4757 quod

1167 4771 1241 4831 erat
1253 4771 1348 4849 quasi
1364 4788 1476 4834 semen
1490 4773 1657 4836 coriandri
1671 4775 1834 4852 figurabat
1848 4777 1952 4839 altaris

1165 4868 1377 4942 sacritlcium,
1404 4869 1436 4930 in
1463 4888 1527 4949 quo
1551 4872 1634 4935 13131
1655 4873 1768 4936 divina
1792 4877 1947 4952 majestas,

1164 4964 1250 5027 sieut
1272 4965 1308 5026 in
1332 4967 1457 5028 semine
1482 4969 1651 5031 coriandri
1672 4971 1752 5034 13131
1773 4973 1879 5034 calida
1898 4991 1952 5051 po-

1167 5063 1276 5124 testas.
1299 5066 1336 5124 In
1358 5081 1397 5124 3ο
1417 5066 1502 5141 quod
1527 5068 1599 5129 erat
1615 5068 1736 5141 album,
1754 5070 1950 5147 significabat

1164 5161 1250 5237 quod
1286 5176 1405 5238 eorpus
1433 5164 1565 5224 Domini
1605 5167 1655 5228 est
1694 5167 1946 5234 mundissimum.

1164 5260 1201 5318 In
1226 5275 1265 5320 eo
1289 5260 1374 5335 quod
1390 5261 1504 5336 gustus
1529 5265 1601 5339 ejus
1625 5266 1698 5326 erat
1721 5266 1817 5342 quasi
1844 5266 1948 5330 similis

1164 5371 1238 5417 cum
1264 5356 1372 5426 melle,
1400 5358 1651 5434 significabatur
1678 5362 1818 5425 dulcedo
1842 5365 1947 5430 divinae

1163 5452 1291 5529 gratiae,
1316 5470 1388 5530 quae
1411 5455 1508 5518 datur
1530 5458 1565 5518 in
1586 5461 1800 5523 Sacramenta
1827 5463 1945 5538 altaris,

1163 5549 1220 5610 sed
1235 5567 1301 5613 non
1318 5552 1500 5629 percipitur
1521 5555 1587 5616 nisi
1602 5572 1622 5617 a
1638 5557 1748 5634 dignis
1776 5560 1946 5624 animabus.

1163 5649 1284 5709 Manna
1305 5649 1404 5710 etiam
1434 5650 1576 5734 habebat
1602 5669 1732 5718 omnem
1755 5672 1899 5735 saporem
1920 5664 1946 5723 31
