3954 6358
107 329 166 400 681
612 333 775 398 OCTAVA
795 331 1063 398 NATIUTATIS
1084 334 1246 396 DOMINI.
1691 338 1752 402 6oe

108 495 279 558 Christum
293 493 510 574 reliquerunt,
530 494 565 555 in
584 493 649 556 llne
662 495 774 556 tamen
787 508 904 556 rever-
957 493 1044 571 quod
1060 495 1158 556 natus
1173 495 1223 558 est
1234 496 1331 556 extra
1349 495 1529 568 civitatem,
1547 495 1750 572 figurabatur

108 594 223 656 terunt
255 593 296 654 ad
331 609 417 654 eum.
455 592 548 654 Unde
579 592 737 668 scriptum
768 591 818 654 est
845 607 903 669 per
957 590 1042 666 quod
1065 607 1204 668 regnum
1226 594 1314 670 eJus,
1334 588 1494 655 eteorum
1510 593 1567 671 qui
1583 594 1756 670 pertinent

110 691 234 752 Isaiam
250 711 258 750 ε
273 693 311 752 Si
328 689 437 765 fuerit
452 705 620 752 uumerus
630 691 904 762 liliorumlsrael
957 687 1138 764 adipsum,
1164 705 1231 751 non
1253 690 1325 752 erat
1343 690 1384 751 de
1410 689 1473 752 hoc
1496 691 1630 752 mundo.
1656 691 1751 754 Unde

107 790 201 851 sicat
223 803 335 850 arelao
359 791 486 860 erroris,
509 791 665 862 reliquiae
692 794 798 850 salvae
819 789 903 860 item
956 785 1027 861 ipse
1041 787 1083 846 'ad
1106 787 1249 849 Pilatum
1266 804 1273 843 :
1290 791 1446 864 Repetam
1468 804 1585 850 meum
1607 793 1676 850 aaa
1699 790 1751 851 est

107 884 170 964 (Is.
193 901 226 958 x,
245 884 310 965 22).
334 885 458 957 Quarta
473 883 635 962 depositio
653 885 689 945 in
708 886 811 946 cruce
830 883 902 946 sine
956 885 997 944 de
1011 885 1072 945 hoe
1085 888 1223 946 maudo.
1241 881 1350 963 (ioan.
1372 885 1553 962 xv111,.36.)
1577 887 1618 948 Et
1638 890 1749 963 Apos-

107 982 335 1060 resumptione
348 981 514 1059 significat
526 981 659 1045 Judaeos
671 981 728 1060 qui
743 981 850 1045 medio
867 982 902 1043 in
956 979 1043 1041 tolus
1065 985 1167 1044 :Nou
1186 985 1350 1045 hahemus
1370 986 1424 1045 hta
1445 983 1644 1045 mouentem
1664 987 1752 1046 cici-

108 1081 175 1142 hoc
187 1081 333 1158 tempore
349 1079 528 1152 constituti,
545 1080 663 1142 nolunt
680 1080 716 1140 in
736 1079 902 1141 Christum
957 1079 1073 1151 tutem,
1085 1079 1538 1154 sedmlaraminqalrtmus.
1549 1077 1662 1160 (Hehr.
1674 1097 1749 1152 xm,

107 1178 258 1240 credere.
279 1177 382 1240 Nobis
404 1179 514 1239 autem
527 1178 723 1241 vestimenta
739 1177 903 1254 deponere
958 1173 1022 1253 14.)
1038 1178 1075 1237 In
1087 1191 1126 1238 eo
1141 1177 1226 1253 quod
1238 1177 1384 1252 Angelus
1397 1177 1555 1252 gaudium
1570 1178 1746 1252 nuntiavit,
1790 1251 1791 1256 ἵ

107 1277 172 1348 θεῖ,
189 1275 366 1352 praesentia
380 1275 467 1337 hona
487 1275 657 1353 despicere
671 1275 829 1338 elmundi
846 1273 901 1336 di·
957 1271 1172 1348 figurabatur,
1195 1273 1281 1351 quod
1297 1273 1460 1335 liberandi
1482 1289 1615 1336 eramus
1635 1276 1750 1336 atris-

106 1374 210 1435 vitias
222 1390 289 1436 non
304 1388 428 1436 amare.
451 1373 544 1435 Unde
562 1372 714 1435 hortatur
737 1387 797 1434 nos
819 1375 905 1435 Pro·
956 1369 1029 1432 titia
1042 1369 1141 1449 hujus
1152 1371 1277 1443 saeculi,
1290 1372 1323 1433 et
1332 1371 1562 1433 introducendi
1573 1389 1632 1449 per
1642 1373 1751 1434 Chris-

107 1471 211 1549 pheta
223 1471 356 1532 dicens:
372 1471 716 1545 Dicitioesiamuuut,
731 1471 903 1534 polticeor
957 1468 1026 1529 turn
1045 1467 1080 1529 in
1099 1468 1255 1544 gaudium
1274 1468 1406 1530 Domini
1430 1469 1490 1530 Dei
1513 1470 1630 1531 nostri.
1655 1470 1750 1532 Unde

105 1583 283 1644 opponere
296 1567 364 1648 (Ps.
377 1569 429 1641 61,
446 1566 509 1649 11).
956 1565 992 1625 in
1004 1566 1184 1642 Evangelio
1204 1586 1211 1627 ε
1230 1567 1366 1628 lterum
1384 1569 1501 1628 videbo
1522 1581 1582 1628 uos
1607 1568 1640 1628 et
1660 1583 1750 1644 paa-

148 1665 229 1728 Tria
268 1666 346 1728 sunt
380 1665 572 1728 divitiarum
605 1680 739 1742 genera.
772 1665 903 1726 Divitiae
957 1664 1045 1725 debit
1064 1678 1126 1725 cor
1145 1661 1524 1744 oestrum.(ioan.xv1,
1544 1660 1610 1743 21.)
1628 1664 1749 1726 Etito-

107 1778 253 1840 namque
274 1763 349 1825 aliae
376 1763 531 1826 dicuntur
557 1763 663 1836 honae,
694 1763 769 1824 aliae
793 1763 900 1835 malae,
956 1775 1053 1821 rum:
1078 1763 1175 1837 Eupe
1197 1776 1301 1822 serae
1317 1765 1399 1822 hone
1422 1762 1456 1822 et
1471 1763 1590 1833 fidelis,
1613 1764 1695 1836 quia
1713 1765 1751 1823 tm

105 1860 187 1922 eliae
202 1859 330 1923 mediae.
343 1863 445 1922 Bonae
459 1859 584 1922 divitiae
599 1859 676 1922 sunt
688 1876 770 1937 quas
785 1859 903 1938 acqui·
955 1873 1066 1933 pauca
1079 1859 1177 1933 suisti
1191 1857 1311 1940 fidelis,
1323 1873 1428 1933 super
1440 1859 1548 1920 multo
1567 1859 1600 1920 te
1622 1859 1750 1919 coristi-

106 1958 195 2020 sisse
207 1973 336 2034 magnae
349 1958 481 2020 uirtutis
493 1958 559 2032 est;
573 1973 655 2035 quas
668 1957 839 2036 possidens
852 1957 904 2018 vir
957 1957 1075 2028 tuam
1107 1955 1205 2016 iutra
1235 1958 1273 2018 ta
1308 1957 1475 2032 paediam
1515 1959 1654 2017 Dormiat
1685 1957 1747 2018 iai.

99 2055 482 2132 Justuscanudahitur,
499 2055 628 2117 dicente
641 2053 765 2116 David:
787 2057 903 2116 Gloria
958 2050 1075 2132 (Math.
1091 2067 1171 2123 xxv,
1184 2050 1252 2131 23.)

104 2153 144 2214 et
159 2156 286 2215 divitica
300 2157 336 2214 iu
348 2157 448 2218 dormo
462 2157 537 2227 ejus
552 2151 623 2232 (Pe.
641 2154 709 2224 111,
725 2150 770 2232 3).
787 2153 827 2212 nt
842 2153 904 2212 Sa-
1491 2231 1494 2236 ῃ

103 2249 904 2326 lomon:Redemptioauimceviridioiticepro—
1304 2255 1402 2344 vffl

101 2351 199 2423 price
207 2345 323 2425 (Prov.
338 2364 412 2420 1111,
427 2346 472 2428 8).
484 2348 581 2410 Malae
591 2347 716 2410 divitiae
734 2347 903 2424 suntquas

103 2443 271 2523 abjecisse
285 2445 497 2523 perfectionis
510 2447 570 2515 est,
586 2445 731 2506 maxime
754 2444 796 2506 oh
819 2460 904 2522 qua·
1032 2459 1195 2522 OCTAVA
1216 2459 1484 2522 Npppvppppffi
1506 2462 1657 2522 00M1N1

103 2555 184 2600 rum
195 2539 413 2617 objectionem
424 2555 586 2618 pauperes
596 2555 677 2602 voce
689 2539 820 2602 Domini
835 2540 919 2600 lau·-

104 2637 233 2698 dantur
259 2637 422 2700 dicentis:
454 2639 556 2698 Beati
578 2651 750 2712 pauperes
775 2638 903 2712 spirita
996 2637 1185 2712 Postquam
1209 2638 1439 2698 consummati
1459 2637 1542 2699 surii
1567 2640 1641 2700 oties
1663 2639 1747 2711 octo,

105 2732 242 2814 (Matth.
258 2749 294 2806 v,
309 2733 354 2815 3).
375 2738 428 2797 De·
445 2733 498 2795 his
524 2749 583 2811 per
600 2734 798 2811 Prophetem
819 2733 904 2796 dici·
955 2733 994 2796 ul
1004 2735 1310 2796 circumcideretur
1324 2737 1431 2796 Puer.
1448 2733 1465 2812 (
1466 2735 1544 2795 Luc.
1560 2749 1597 2806 rr,
1613 2733 1681 2814 21.)

104 2832 758 2909 tur:Diuitesepueruutetesurteruut
771 2828 839 2902 (Pe.
850 2833 900 2904 33,
996 2831 1158 2904 Quoniam
1184 2831 1377 2907 evangelica
1405 2829 1503 2893 lectio
1533 2830 1680 2908 loquitur
1709 2831 1752 2893 de

107 2926 177 3008 11).
200 2931 239 2990 Εῖ
261 2929 441 2991 Dominus:
469 2931 525 2990 Vae
546 2930 655 3000 eodm,
682 2929 815 3000 divites,
845 2931 903 3004 uui
953 2927 1221 2998 circumcisione,
1246 2929 1458 3006 quaerendum
1480 2929 1575 2992 nohis
1599 2930 1662 2998 est,
1690 2945 1751 2992 cur

102 3027 239 3088 hahetis
265 3027 531 3089 consolationem
557 3026 712 3088 uestram
735 3023 828 3105 (Luc.
852 3043 900 3099 ur,
957 3027 1033 3089 date
1047 3025 1148 3088 luerit
1161 3026 1299 3088 ludaico
1314 3027 1446 3104 populo,
1464 3043 1523 3088 cur
1545 3025 1598 3088 die
1620 3029 1747 3100 octavo,

99 3121 172 3194 24).
186 3123 438 3186 hlediaedivitiae
450 3123 670 3201 appellantur,
680 3139 752 3201 quae
763 3126 904 3202 possunt
956 3139 1017 3186 cur
1030 3125 1160 3202 petrino
1176 3124 1293 3197 cultr0,
1311 3141 1371 3187 cur
1390 3125 1496 3202 primo
1512 3123 1665 3197 Abrahae,
1690 3140 1750 3186 cur

83 3235 183 3285 ‚esse
203 3221 299 3283 honae
322 3221 376 3283 rel
394 3221 490 3282 malae
505 3220 642 3283 arbitrio
658 3221 830 3283 utentium.
855 3225 902 3284 De
956 3221 991 3282 in
1017 3222 1172 3299 praeputii
1198 3236 1310 3291 carne,
1340 3222 1502 3299 quomodo
1535 3222 1751 3284 salvabantur

101 3318 161 3379 his
173 3318 348 3396 Apostolus
360 3318 474 3381 scribit
487 3318 645 3379 divitibus
659 3317 760 3396 hujus
770 3320 899 3381 mundi:
956 3319 1112 3380 mulieres
1128 3335 1201 3397 quae
1215 3334 1282 3381 non
1292 3319 1445 3396 poterant
1465 3319 1668 3392 circumcidi,
1689 3334 1751 3381 cur

103 3420 266 3492 Praecipe
280 3431 350 3478 ucri
365 3419 512 3491 saeperita
525 3431 661 3491 sapere,
681 3431 743 3479 rica
756 3432 901 3492 sperare
956 3416 1085 3477 sublata
1095 3417 1139 3478 sit
1144 3417 1350 3494 pergratiam
1357 3415 1748 3500 baptismi.Circumcisio

104 3516 146 3576 iu
160 3515 293 3576 lacerto
307 3516 520 3586 diuitiarum,
538 3517 598 3575 sed
611 3516 649 3575 ia
664 3517 735 3576 Deo
747 3518 826 3576 uico
843 3519 901 3590 qai
954 3513 1031 3575 aaa
1051 3512 1114 3575 luit
1127 3513 1247 3590 populo
1259 3515 1278 3575 J
1281 3513 1450 3574 udaeorum
1472 3513 1506 3574 in
1528 3513 1659 3589 signum
1674 3515 1748 3575 dis-

100 3605 362 3688 prae'stotnohis
376 3613 635 3673 omuioahamde
649 3614 916 3686 adfruendum„
954 3613 1128 3684 cretionis,
1154 3611 1191 3671 in
1218 3611 1348 3686 signum
1368 3611 1633 3686 purificationis,
1657 3611 1749 3673 etin

103 3711 320 3786 heueupere,
341 3710 440 3782 facile
456 3709 619 3780 trihaere,
633 3713 898 3784 communicare,
956 3709 1085 3785 signum
1113 3710 1244 3783 fultura
1271 3708 1749 3785 retaurationis.1nsignum
1825 3707 1827 3710 ’

104 3807 347 3868 thesaurizare
371 3809 435 3868 sihi
460 3807 584 3866 honam
606 3808 644 3866 lu
667 3807 838 3881 Daturum,
862 3809 902 3872 at
954 3806 1182 3878 discretionis,
1199 3805 1277 3883 quia
1292 3805 1470 3882 praesciens
1486 3809 1572 3867 Deus
1591 3807 1748 3884 populum

101 3904 369 3978 apprehendant
396 3917 517 3964 ueram
550 3904 661 3965 vitam
683 3899 715 3974 ti
742 3904 824 3965 Tim.
851 3921 899 3978 vr,
954 3902 1751 3982 iudaeorumingentibusdispergendumpropter

105 3999 234 4074 17-19).
955 4003 1101 4078 peccata,
1117 4002 1179 4063 hoc
1203 4001 1334 4076 signum
1347 4000 1453 4061 voluit
1474 4015 1549 4061 eum
1570 4000 1751 4063 discerni-a

142 4099 295 4168 Quatuor
310 4099 386 4166 sunt
405 4098 551 4159 notanda
567 4097 602 4158 in
621 4099 802 4162 Nativitate
822 4101 900 4162 Sal·
956 4099 1084 4160 caeleris
1100 4096 1251 4174 gentihus
1267 4097 1301 4157 in
1323 4097 1413 4157 omni
1432 4097 1533 4158 terra.
1550 4097 1644 4159 Unde
1664 4097 1752 4160 bene

100 4195 245 4268 valerie,
258 4195 414 4258 uidelicet
429 4213 436 4251 :
454 4196 545 4267 Quod
561 4196 658 4258 natus
671 4196 721 4257 est
740 4197 773 4257 in
789 4198 899 4273 nocte;
955 4213 1014 4275 per
1036 4193 1228 4272 mysterium
1252 4194 1374 4255 dicitur
1399 4193 1433 4254 in
1454 4195 1575 4254 Genesi
1598 4214 1605 4254 ε
1626 4195 1749 4257 Posuit

102 4293 194 4373 quod
210 4293 306 4354 natus
328 4293 427 4354 estin
446 4293 580 4369 hyeme3
597 4294 683 4370 quod
704 4293 798 4356 extra
813 4295 900 4356 civi·
955 4297 1123 4357 Dominus
1138 4293 1223 4354 Cala
1240 4295 1278 4352 iu
1296 4293 1434 4366 simiam
1452 4292 1492 4352 at
1512 4283 1581 4352 riou
1601 4307 1682 4353 eum
1693 4294 1751 4353 tu·

100 4393 224 4466 tatem3
245 4390 375 4467 etquod
389 4390 535 4466 Angelus
548 4391 704 4466 gaudium
723 4392 899 4456 nuntiavit.
956 4392 1129 4465 terllaeret
1169 4391 1281 4452 ommis
1326 4391 1386 4462 piu
1429 4389 1617 4450 iriueutsset
1655 4403 1747 4451 eam.

102 4491 145 4551 In
161 4503 199 4550 eo
214 4487 301 4565 quod
317 4488 353 4548 in
374 4488 470 4549 nocte
490 4487 587 4548 natus
608 4487 659 4550 est
683 4487 898 4564 figurabatur,
955 4491 1049 4569 (Gen.
1074 4503 1119 4560 rr,
1142 4485 1206 4567 15.)
1230 4486 1311 4546 Cain
1331 4484 1497 4561 significat
1513 4486 1670 4563 populum
1687 4489 1751 4549 Ju-

103 4585 186 4664 quia
201 4585 272 4662 ipse
291 4584 413 4662 quiesi
432 4584 481 4645 sol
495 4584 646 4661 justitiae,
663 4584 803 4648 debehat
820 4603 902 4649 noc-
956 4587 1118 4654 decorum,
1148 4583 1230 4646 Abel
1262 4582 1428 4659 significat
1460 4581 1638 4645 Christum.
1666 4583 1749 4647 Cain

100 4686 173 4746 tem
188 4682 333 4744 nostram
348 4681 550 4752 illuminare,
570 4682 667 4751 idest,
680 4682 782 4744 vitam
803 4685 900 4746 istam
956 4683 1076 4747 occidit
1095 4681 1175 4744 Abel
1201 4681 1337 4741 fratrem
1372 4695 1478 4752 suurn,
1505 4680 1582 4758 quia
1608 4680 1749 4758 populus

102 4780 149 4844 ad
160 4779 476 4858 impletaprophetia
486 4778 673 4851 Malachiae,
686 4795 751 4857 qua
762 4780 899 4844 dicitur:
954 4784 973 4844 J
976 4779 1112 4842 udaiaus
1127 4778 1248 4840 occidit
1259 4792 1318 4854 per
1327 4777 1487 4838 invidiam
1503 4777 1680 4852 Christum,
1693 4778 1750 4857 qui

109 4879 209 4940 Vobis
237 4877 434 4938 timentibus
458 4891 586 4938 promea·
617 4891 733 4938 meam
767 4881 901 4941 orietur
956 4877 1077 4941 dicitur
1100 4876 1203 4938 frater
1227 4878 1310 4952 ejus,
1341 4874 1418 4952 quia
1443 4891 1484 4936 ex
1510 4874 1626 4937 eadem
1647 4877 1750 4955 stirpe

102 4969 568 5051 soliustttice.(hlalach.1v,
590 4969 636 5052 4.)
659 4973 753 5035 Unde
773 4976 899 5037 isaias:
956 4975 1018 5037 luit
1043 4975 1152 5051 natus.
1184 4971 1247 5034 Sed
1280 4971 1439 5034 Dominus
1468 4972 1578 5050 posuit
1605 4973 1687 5034 Cain
1714 4973 1750 5036 in

104 5060 259 5148 Populus
269 5073 327 5145 pat
339 5070 522 5131 sedebatis
533 5071 682 5132 teuehrts
693 5073 779 5133 aldit
792 5078 901 5136 trucem
957 5074 1098 5149 signum,
1136 5070 1242 5143 idest,
1274 5069 1560 5132 circumcisionem
1599 5071 1752 5146 promisit

103 5183 282 5244 mapsam.
298 5165 355 5246 (Ιε.
370 5181 416 5238 rx,
427 5167 474 5244 2.)
486 5169 522 5227 ln
538 5182 577 5228 oo
591 5167 677 5244 quod
692 5169 852 5234 natusest
866 5172 901 5233 in
956 5168 1077 5247 populo
1091 5169 1109 5230 J
1113 5166 1292 5238 udaeorum,
1307 5165 1344 5226 ut
1356 5164 1464 5226 omnis
1485 5164 1625 5242 populus
1641 5167 1751 5230 (thria-

104 5267 237 5343 hyeme,
250 5263 551 5341 llgurabaturquod
563 5263 635 5341 ipse
646 5263 785 5328 debehat
796 5267 901 5345 frigus
956 5267 1066 5330 tianus
1078 5266 1114 5326 in
1126 5279 1190 5341 quo
1204 5263 1375 5339 dispersus
1394 5261 1445 5325 est
1463 5261 1602 5338 populus
1617 5265 1752 5326 Judaeo·

104 5367 274 5435 nostrum,
306 5361 408 5433 idest,
443 5361 611 5438 pigritiam
645 5361 723 5438 igne
759 5365 901 5442 Spiritus
955 5381 1041 5436 rum,
1058 5378 1124 5424 non
1141 5359 1320 5423 interliciat
1333 5375 1419 5421 eum.
1436 5359 1497 5430 Qui
1514 5361 1601 5421 enim
1615 5375 1751 5437 cognos-

107 5461 223 5523 Sancti
242 5458 434 5521 accendere.
449 5458 543 5520 Unde
557 5459 629 5536 ipse
645 5459 679 5520 in
696 5463 900 5538 evangelio:
957 5463 1044 5524 citur
1068 5475 1142 5522 esse
1166 5457 1357 5519 reservatus
1385 5459 1520 5535 propter
1547 5458 1669 5518 electos
1695 5459 1752 5535 qui

107 5562 230 5635 lpuem
254 5561 336 5619 ueni
363 5557 561 5619 mitterem
596 5557 741 5632 terram,
768 5561 902 5636 etquid
957 5558 1059 5621 futuri
1094 5559 1171 5620 sunt
1202 5555 1237 5616 in
1269 5554 1460 5626 novissimo,
1494 5569 1561 5616 non
1589 5554 1752 5617 occiditur

106 5661 193 5730 eolo,
216 5657 284 5718 uisi
305 5655 342 5718 at
361 5655 503 5717 ardeuil
526 5651 619 5732 (Luc.
635 5670 695 5727 xn,
722 5657 788 5736 49.)
808 5661 844 5720 ln
863 5675 902 5722 eo
956 5656 1056 5722 hodie
1075 5672 1094 5718 a
1114 5652 1298 5720 christiano
1315 5651 1447 5730 populo.
1470 5655 1540 5713 Iloc
1559 5652 1669 5715 autem
1684 5653 1752 5716 tes·
