3988 6300
803 541 1019 647 QUlNl'A
1056 543 1405 640 complllrld

298 792 1084 974 bPlSlollRUll
1146 797 1942 974 nucerianum

583 1155 938 1284 ΗΟΝΟΒΙΙ
973 1157 1106 1286 ΙΙΙ.
1143 1159 1306 1285 ΡΟΝ
1319 1159 1390 1286 Τ.
1429 1155 1641 1286 ΜΑΧ.

486 1496 621 1560 NUNC
641 1497 827 1562 RECENS
848 1501 875 1562 E
894 1500 1070 1562 TRIBUS
1090 1500 1197 1563 VET.
1220 1499 1269 1562 M.
1283 1499 1350 1562 SS.
1374 1499 1423 1562 IN
1444 1498 1603 1562 buculi
1623 1497 1744 1562 DATA

793 1643 799 1651 ’
839 1653 897 1716 ΕΤ
917 1653 1062 1716 NOTIS
1083 1653 1384 1718 ILLUS'I'RATA

334 1851 732 1912 srun1o,nn1unusrnm
757 1839 1086 1902 ΙΝΝΘΟΕΝΤΙΙ
1106 1841 1427 1914 CIRONII,run1s
1451 1853 1641 1911 urruusous
1667 1850 1909 1904 snorsssorus.

555 2007 713 2059 GANONIOE
732 2008 776 2056 AG
795 2007 963 2060 fluctuem
982 2009 1027 2060 ΕΤ
1046 2009 1225 2061 ACADEMIAE
1246 2009 1427 2062 'robosem
1446 2007 1667 2060 maenubam

1138 2357 1214 2421 aliis
1230 2359 1371 2438 quatuor
1384 2359 1520 2439 adjectas
1534 2358 1576 2420 ad
1600 2357 1782 2435 marginem
1806 2363 1932 2436 glossar.

1138 2456 1219 2532 sint3
1230 2457 1336 2519 tribus
1350 2457 1481 2535 quidem
1496 2455 1612 2534 primis
1621 2455 1799 2528 vincentii,
1816 2456 1931 2526 Alani,

336 2561 401 2621 Gur
422 2557 584 2620 Antonius
604 2557 807 2634 Augustinus
832 2553 973 2634 quatuor
996 2553 1085 2618 anti·
1136 2554 1309 2627 Tancredi,
1334 2553 1516 2627 Laurentii,
1540 2554 1573 2616 et
1595 2553 1740 2629 Rogerii,
1766 2552 1824 2630 qui
1847 2554 1885 2614 et
1913 2567 1930 2613 s

295 2673 376 2734 quas
389 2655 603 2718 decretalium
615 2654 825 2716 collectiones
838 2654 893 2716 edi
905 2652 1081 2726 curaverit,
1137 2651 1207 2712 suis
1249 2649 1512 2714 antecessoribus
1548 2649 1726 2723 Silvestre,
1772 2648 1926 2720 Rufflno,

294 2753 452 2832 quintam,
469 2767 542 2829 quae
569 2753 620 2814 est
643 2751 783 2814 Honorii
806 2751 896 2813 tertii
922 2749 1081 2822 omiserit,
1135 2749 1264 2810 loanne
1276 2748 1434 2825 Hispano,
1449 2749 1578 2810 loanue
1592 2747 1786 2820 Faventino,
1802 2746 1838 2808 et
1851 2746 1926 2807 aliis

293 2865 360 2913 uon
373 2849 470 2911 uideo
486 2869 494 2908 ε
509 2851 582 2926 ejus
599 2847 796 2910 industriam
821 2847 856 2908 et
878 2846 1083 2923 diligentiam
1136 2843 1327 2918 hauserant,
1341 2845 1378 2907 ut
1396 2845 1537 2907 testatur
1558 2847 1703 2908 loannes
1721 2844 1874 2906 Andreae.
1892 2847 1924 2904 ln

293 2945 450 3021 effugisse
472 2944 531 3007 uix
544 2943 706 3019 suspicari
731 2943 843 3015 uelim,
858 2942 915 3019 qui
936 2943 1085 3028 recondi·
1136 2942 1288 3018 quartam
1300 2957 1379 3004 vero
1393 2940 1531 3004 loannis
1541 2940 1723 3015 Teutonici,
1731 2941 1765 3002 et
1775 2956 1927 3018 quorum·

294 3041 380 3104 tiore
394 3055 532 3118 quaeque
545 3039 636 3102 Jurls
649 3038 825 3111 Pontificii,
851 3039 885 3102 et
897 3039 1083 3101 litterarum
1136 3038 1211 3100 dam
1229 3039 1371 3101 aliorum
1404 3037 1531 3100 scholia
1556 3037 1651 3099 nobis
1679 3037 1832 3102 exhibuit
1855 3038 1925 3114 ipse

295 3137 441 3200 omnium
456 3136 667 3198 monumenta
681 3135 878 3209 revolverat,
894 3152 969 3198 cum
991 3137 1084 3200 etvi·
1134 3135 1297 3196 Antonius
1332 3134 1546 3211 Augustinus.
1584 3133 1634 3196 ad
1666 3134 1815 3212 quintam
1847 3150 1924 3196 uero

295 3250 350 3298 ros
360 3250 429 3296 suae
441 3232 548 3295 aetatis
559 3233 709 3310 egregios
719 3232 812 3294 illam
823 3233 980 3296 habuisse
991 3246 1083 3296 com·
1135 3231 1361 3295 collectionem
1387 3231 1552 3293 neminem
1586 3231 1690 3293 alium
1712 3231 1923 3307 interpretem

294 3332 422 3409 pentum
443 3330 497 3404 sil,
518 3331 689 3408 Gujacium
712 3346 839 3408 nempe,
866 3331 1027 3404 contium,
1050 3331 1083 3393 et
1135 3327 1242 3391 adfert
1254 3330 1398 3390 loannes
1420 3328 1560 3390 Andreae
1576 3344 1674 3408 quam
1694 3329 1854 3390 loannem
1874 3328 1924 3388 Al·

295 3426 389 3488 ulios.
411 3426 598 3489 consultius
610 3443 671 3504 ego
695 3443 828 3490 causam
848 3427 1027 3504 exquirens
1046 3427 1082 3488 in
1134 3424 1255 3487 bunum
1270 3424 1487 3488 Ferentinum
1502 3425 1704 3503 episcopum,
1721 3427 1816 3501 cujus
1831 3424 1922 3500 glos-

295 3523 445 3586 omnibus
463 3526 533 3586 iere
549 3522 717 3587 codicibus
738 3525 972 3602 manuscriptis
984 3524 1083 3602 quin-
1135 3537 1190 3582 sas
1215 3521 1288 3601 quis
1313 3521 1433 3584 viderit
1460 3522 1589 3598 ignoro.
1617 3521 1743 3583 Idcirco
1768 3519 1922 3582 libentius

293 3620 764 3692 tamhancdeiuisseaduerti,
780 3622 1082 3698 etquamvisaccu-
1135 3618 1384 3696 leviaquaedam
1399 3618 1526 3680 scholis
1549 3618 1627 3679 huic
1650 3617 1830 3693 adjiciendi
1851 3617 1924 3678 ani·

293 3716 536 3778 ratissimorum
547 3717 694 3778 virorum
711 3717 887 3778 consilium
899 3718 1079 3793 exegerim,
1134 3731 1224 3777 mum
1238 3715 1362 3792 appuli,
1387 3714 1423 3775 in
1446 3713 1564 3793 quibus
1578 3714 1663 3775 nihil
1686 3714 1755 3775 lere
1781 3715 1867 3791 quod
1890 3715 1922 3775 in

294 3811 459 3873 neminem
480 3811 590 3873 tamen
610 3813 726 3873 nactus
745 3827 829 3885 sum,
854 3813 911 3890 qui
932 3829 1004 3874 eam
1024 3815 1080 3876 vl·
1134 3812 1367 3875 eruditissimis
1402 3811 1616 3874 decretalium
1637 3811 1763 3874 Glossis
1787 3811 1920 3888 exposi-

295 3908 394 3980 disse,
406 3909 463 3969 aut
483 3907 605 3970 alicubi
621 3909 736 3970 extare
760 3909 949 3971 asseruerit.
969 3911 1081 3974 Multis
1134 3909 1203 3971 tum
1229 3909 1272 3971 sit
1294 3908 1455 3986 repetere,
1482 3908 1539 3970 sed
1565 3924 1605 3970 ea
1630 3908 1757 3970 tantum
1776 3923 1851 3986 quae
1865 3925 1920 3984 pro

295 4005 392 4066 annis
404 4005 567 4068 curiosius
588 4021 628 4068 ac
646 4004 836 4081 diligentius
855 4007 891 4067 in
902 4006 962 4069 tali
974 4023 1080 4085 nego·
1133 4007 1152 4068 J
1155 4004 1224 4066 uris
1238 4005 1337 4082 hrijus
1353 4005 1540 4080 cognitione
1555 4005 1678 4067 omissa
1704 4004 1849 4077 luerunt,
1865 4007 1920 4066 sut

294 4101 341 4164 tio
358 4102 495 4175 exactis,
520 4117 610 4179 spem
634 4117 763 4164 omnem
787 4103 983 4179 abjeceram,
1006 4121 1081 4166 cum
1134 4101 1175 4163 ad
1185 4101 1333 4163 historie
1347 4101 1444 4163 fldem
1455 4100 1590 4174 faciunt,
1606 4117 1791 4179 proponere
1803 4117 1920 4179 operae

294 4199 403 4260 minus
417 4199 452 4260 in
462 4199 572 4260 animo
585 4198 618 4259 id
630 4198 767 4272 habens,
779 4199 814 4261 in
827 4201 948 4261 veteris
960 4200 1082 4263 biblio-
1134 4198 1277 4275 pretium
1289 4198 1488 4259 existimavi.
1505 4197 1596 4270 Quod
1609 4197 1741 4275 quidem
1755 4199 1918 4274 negotium

293 4291 398 4354 thecee
410 4291 574 4353 Albieusis
585 4292 761 4353 ruderibus
781 4292 850 4353 tres
874 4294 1004 4356 codices
1015 4310 1082 4355 ma·
1134 4294 1264 4356 ielicius
1279 4295 1474 4370 exegissem,
1488 4294 1517 4356 si
1532 4295 1697 4370 integrum
1715 4296 1854 4357 Houorii
1867 4312 1918 4357 re-
1992 4321 1993 4376 p

293 4389 478 4464 nuscriptos
491 4389 637 4464 pulvere,
652 4388 728 4460 situ,
751 4390 785 4449 et
806 4390 927 4465 pedore
945 4390 1079 4451 conlec—
1134 4391 1273 4468 gistrum
1284 4391 1397 4452 videre
1411 4391 1571 4464 licuisset,
1583 4407 1626 4454 ex
1640 4407 1705 4469 quo
1717 4391 1809 4453 velut
1820 4408 1838 4453 e
1851 4409 1917 4470 pro
1992 4385 1993 4438 l

292 4487 344 4546 tos
356 4483 497 4546 feliciter
515 4482 637 4560 reperi.
652 4486 722 4544 Hoc
739 4498 820 4560 opus
846 4483 903 4544 diu
927 4486 1013 4562 apud
1028 4503 1080 4549 me
1133 4488 1206 4565 prio
1220 4487 1309 4550 sonte
1330 4487 1503 4550 veritatem
1528 4503 1670 4561 omnem,
1698 4503 1772 4565 quae
1787 4489 1917 4566 quibus-
1992 4481 1993 4572 l

293 4581 475 4643 lateranen
488 4596 559 4641 sum
581 4595 708 4657 passus,
724 4580 803 4658 quin
815 4579 946 4656 publico
967 4581 1080 4645 darem
1133 4584 1208 4645 dam
1241 4583 1386 4646 tenebris
1420 4584 1590 4658 obruitur,
1623 4585 1796 4647 eruissem.
1834 4586 1911 4648 Illud
1992 4639 1993 4650 ,

292 4675 515 4754 jamamultis
523 4675 619 4735 annis
628 4676 827 4752 expetitum:
842 4691 881 4739 eo
893 4677 1026 4756 quodin
1039 4695 1079 4742 eo
1132 4681 1264 4759 quidem
1277 4697 1298 4742 a
1312 4681 1384 4743 viro
1399 4681 1589 4743 doctissimo
1605 4681 1753 4744 Chesneo
1779 4683 1837 4760 qui
1856 4683 1915 4744 bis-
1992 4723 1993 4766 p

294 4771 535 4850 quamplurima
550 4771 788 4846 etsiugularia‚
811 4773 880 4836 sive
901 4775 1000 4854 hujus
1013 4779 1078 4840 Ju-
1131 4778 1226 4839 torice
1240 4780 1443 4840 Francorum
1457 4777 1634 4856 scriptores
1649 4778 1704 4840 edi
1718 4780 1912 4858 procurarit,

293 4870 341 4932 ris
364 4867 595 4944 cognitionem,
627 4867 697 4928 Sive
722 4867 855 4930 illorum
882 4873 1076 4949 temporum,
1132 4883 1306 4960 expectare
1317 4883 1476 4961 poteram,
1498 4883 1556 4944 sed
1570 4899 1609 4946 eo
1628 4886 1699 4963 jam
1716 4884 1784 4947 sato
1808 4884 1912 4948 iuncto
1992 4889 1993 4920 ³

295 4965 412 5044 quibus
446 4963 612 5025 H0110riU⁸
643 4963 746 5037 Vixit,
778 4965 926 5028 histOriae
958 4969 1079 5030 seriem
1131 4978 1172 5041 ab
1184 4979 1248 5041 bac
1260 4995 1318 5056 spe
1330 4979 1448 5042 decidi.
1464 4981 1500 5042 In
1513 4979 1576 5042 hoc
1591 4995 1671 5042 sane
1686 4983 1851 5060 proposito
1862 4999 1913 5045 no-
1992 5001 1993 5076 p

293 5063 487 5142 spectemus,
505 5059 724 5138 reperiantur,
741 5077 814 5138 (111ae
829 5077 909 5124 ³³11ss
930 5063 967 5125 in
988 5068 1078 5128 Com·
1130 5093 1207 5140 vum
1219 5092 1323 5153 genus
1339 5075 1503 5138 scribendi
1518 5079 1675 5154 reperies,
1696 5094 1758 5140 nec
1782 5079 1911 5142 enimin
1992 5103 1993 5162 3

293 5161 450 5239 pilatione
465 5157 685 5220 Decretslium
705 5157 857 5234 Gregorii
875 5161 962 5222 Noni
984 5163 1077 5225 desi·
1130 5174 1220 5235 Juris
1254 5173 1412 5235 canonici
1444 5173 1651 5250 expositione
1686 5175 1825 5248 tantum,
1859 5177 1910 5238 sed
1992 5167 1993 5238 ἶ

293 5258 460 5319 derantur.
479 5260 571 5317 Hanc
585 5271 646 5332 ego
660 5255 864 5332 provinciam
878 5257 952 5319 ideo
966 5257 1077 5322 lihen-
1131 5271 1231 5332 etiam
1251 5269 1286 5332 in
1312 5269 1472 5332 historica
1499 5270 1690 5334 narratione
1716 5288 1848 5350 operam
1858 5274 1909 5335 in.
1992 5269 1993 5322 j

292 5355 358 5418 tius
373 5353 513 5430 suscepi,
530 5368 569 5414 ac
584 5353 671 5416 notis
693 5352 886 5430 quibusdam
910 5355 1077 5421 illustrare
1131 5367 1266 5444 sumpsi,
1283 5367 1361 5444 quia
1375 5368 1408 5428 et
1420 5368 1594 5445 utrumque
1608 5368 1752 5431 maxime
1764 5371 1909 5447 prodesse
1992 5361 1993 5450 s

291 5449 427 5522 tentavi,
440 5449 525 5526 quod
540 5449 639 5526 hujus
656 5449 897 5528 compilatiOssiS
909 5453 1076 5532 interme·
1130 5465 1237 5527 visum
1252 5464 1313 5525 suit
1329 5479 1336 5520 ε
1353 5463 1472 5542 quippe
1498 5465 1645 5542 epistolae
1659 5468 1808 5540 Honorii,
1833 5469 1908 5532 sicut
1992 5511 1993 5542 2

291 5566 358 5628 tem
368 5546 495 5612 nullum
505 5546 539 5610 iu
549 5546 781 5627 manuscriptis
796 5549 984 5630 repererim,
1001 5551 1077 5619 licet
1130 5561 1163 5624 et
1189 5561 1435 5626 antecessorum
1460 5561 1651 5640 pontificum
1675 5579 1694 5628 e
1721 5563 1836 5644 quihus
1860 5569 1906 5630 11ae
1992 5589 1993 5604 ,

528 2409 589 2470 AD
608 2407 855 2470 LECTOREM.
