<?xml version="1.0" encoding="UTF-8"?>
<!DOCTYPE html PUBLIC "-//W3C//DTD XHTML 1.0 Transitional//EN"
    "http://www.w3.org/TR/xhtml1/DTD/xhtml1-transitional.dtd">
<html xmlns="http://www.w3.org/1999/xhtml" xml:lang="en" lang="en">
 <head>
  <title>
</title>
<meta http-equiv="Content-Type" content="text/html;charset=utf-8" />
  <meta name='ocr-system' content='tesseract 3.04.00' />
  <meta name='ocr-capabilities' content='ocr_page ocr_carea ocr_par ocr_line ocrx_word'/>
</head>
<body>
  <div class='ocr_page' id='page_1' title='image "./mediiaevibiblio03unkngoog_0204.png"; bbox 0 0 3988 6302; ppageno 0'>
   <div class='ocr_carea' id='block_1_1' title="bbox 88 329 148 393">
    <p class='ocr_par' dir='ltr' id='par_1_1' title="bbox 88 329 148 393">
     <span class='ocr_line' id='line_1_1' title="bbox 88 329 148 393; baseline 0.017 -1"><span class='ocrx_word' id='word_1_1' title='bbox 88 329 148 393; x_wconf 69' lang='lat'>32³5</span> 
     </span>
    </p>
   </div>
   <div class='ocr_carea' id='block_1_2' title="bbox 586 333 1733 410">
    <p class='ocr_par' dir='ltr' id='par_1_2' title="bbox 586 333 1733 410">
     <span class='ocr_line' id='line_1_2' title="bbox 586 333 1733 410; baseline 0.014 -17"><span class='ocrx_word' id='word_1_2' title='bbox 586 333 744 404; x_wconf 80' lang='lat' dir='ltr'>QUIN&#39;l&#39;A</span> <span class='ocrx_word' id='word_1_3' title='bbox 766 335 1030 400; x_wconf 70' lang='lat' dir='ltr'>conplanato.</span> <span class='ocrx_word' id='word_1_4' title='bbox 1053 341 1132 404; x_wconf 87' lang='lat' dir='ltr'><strong>LIB.</strong></span> <span class='ocrx_word' id='word_1_5' title='bbox 1156 343 1212 403; x_wconf 89' lang='grc' dir='ltr'><strong>ΙΙΙ.</strong></span> <span class='ocrx_word' id='word_1_6' title='bbox 1675 353 1733 410; x_wconf 74' lang='lat' dir='ltr'>:th</span> 
     </span>
    </p>
   </div>
   <div class='ocr_carea' id='block_1_3' title="bbox 90 489 1738 1464">
    <p class='ocr_par' dir='ltr' id='par_1_3' title="bbox 90 489 1738 1464">
     <span class='ocr_line' id='line_1_3' title="bbox 90 489 1733 585; baseline 0.013 -33"><span class='ocrx_word' id='word_1_7' title='bbox 90 489 262 554; x_wconf 89' lang='lat' dir='ltr'>sehabere</span> <span class='ocrx_word' id='word_1_8' title='bbox 276 491 485 568; x_wconf 89' lang='lat' dir='ltr'>proponunt;</span> <span class='ocrx_word' id='word_1_9' title='bbox 504 490 608 570; x_wconf 86' lang='lat' dir='ltr'>aliqui</span> <span class='ocrx_word' id='word_1_10' title='bbox 628 507 709 557; x_wconf 86' lang='lat' dir='ltr'>vero</span> <span class='ocrx_word' id='word_1_11' title='bbox 723 509 783 557; x_wconf 90' lang='lat' dir='ltr'>suo</span> <span class='ocrx_word' id='word_1_12' title='bbox 796 494 885 559; x_wconf 86' lang='lat' dir='ltr'>dun·</span> <span class='ocrx_word' id='word_1_13' title='bbox 941 497 1030 574; x_wconf 91' lang='lat' dir='ltr'>lasti,</span> <span class='ocrx_word' id='word_1_14' title='bbox 1047 501 1157 564; x_wconf 88' lang='lat' dir='ltr'>utrum</span> <span class='ocrx_word' id='word_1_15' title='bbox 1183 502 1251 566; x_wconf 85' lang='lat' dir='ltr'>illis</span> <span class='ocrx_word' id='word_1_16' title='bbox 1273 505 1316 568; x_wconf 87' lang='lat' dir='ltr'>sit</span> <span class='ocrx_word' id='word_1_17' title='bbox 1328 505 1455 570; x_wconf 88' lang='lat' dir='ltr'>licitum</span> <span class='ocrx_word' id='word_1_18' title='bbox 1477 509 1533 585; x_wconf 85' lang='lat' dir='ltr'>qui</span> <span class='ocrx_word' id='word_1_19' title='bbox 1558 524 1619 570; x_wconf 89' lang='lat' dir='ltr'>nec</span> <span class='ocrx_word' id='word_1_20' title='bbox 1648 513 1733 584; x_wconf 85' lang='lat' dir='ltr'>roto,</span> 
     </span>
     <span class='ocr_line' id='line_1_4' title="bbox 90 587 1737 678; baseline 0.011 -27"><span class='ocrx_word' id='word_1_21' title='bbox 90 589 184 652; x_wconf 83' lang='lat' dir='ltr'>taxat</span> <span class='ocrx_word' id='word_1_22' title='bbox 205 587 345 650; x_wconf 88' lang='lat' dir='ltr'>arbitrio</span> <span class='ocrx_word' id='word_1_23' title='bbox 365 587 533 666; x_wconf 80' lang='lat' dir='ltr'>predictis</span> <span class='ocrx_word' id='word_1_24' title='bbox 554 588 712 654; x_wconf 85' lang='lat' dir='ltr'>tratribus</span> <span class='ocrx_word' id='word_1_25' title='bbox 735 593 888 658; x_wconf 89' lang='lat' dir='ltr'>inhibere</span> <span class='ocrx_word' id='word_1_26' title='bbox 942 613 1004 661; x_wconf 85' lang='lat' dir='ltr'>nec</span> <span class='ocrx_word' id='word_1_27' title='bbox 1026 598 1173 678; x_wconf 87' lang='lat' dir='ltr'>regulari</span> <span class='ocrx_word' id='word_1_28' title='bbox 1197 601 1408 666; x_wconf 83' lang='lat' dir='ltr'>observantia</span> <span class='ocrx_word' id='word_1_29' title='bbox 1430 606 1508 667; x_wconf 92' lang='lat' dir='ltr'>sunt</span> <span class='ocrx_word' id='word_1_30' title='bbox 1520 605 1648 669; x_wconf 90' lang='lat' dir='ltr'>astricti</span> <span class='ocrx_word' id='word_1_31' title='bbox 1661 623 1737 669; x_wconf 85' lang='lat' dir='ltr'>cai·-</span> 
     </span>
     <span class='ocr_line' id='line_1_5' title="bbox 90 685 1736 778; baseline 0.011 -30"><span class='ocrx_word' id='word_1_32' title='bbox 90 687 308 763; x_wconf 83' lang='lat' dir='ltr'>praesumunt,</span> <span class='ocrx_word' id='word_1_33' title='bbox 324 701 366 746; x_wconf 96' lang='lat' dir='ltr'>ne</span> <span class='ocrx_word' id='word_1_34' title='bbox 394 685 452 746; x_wconf 90' lang='lat' dir='ltr'>ubi</span> <span class='ocrx_word' id='word_1_35' title='bbox 471 686 595 762; x_wconf 88' lang='lat' dir='ltr'>degunt</span> <span class='ocrx_word' id='word_1_36' title='bbox 608 686 743 750; x_wconf 86' lang='lat' dir='ltr'>valeant</span> <span class='ocrx_word' id='word_1_37' title='bbox 767 707 889 752; x_wconf 91' lang='lat' dir='ltr'>secun·</span> <span class='ocrx_word' id='word_1_38' title='bbox 941 712 1001 759; x_wconf 91' lang='lat' dir='ltr'>nes</span> <span class='ocrx_word' id='word_1_39' title='bbox 1018 697 1201 771; x_wconf 90' lang='lat' dir='ltr'>comedere,</span> <span class='ocrx_word' id='word_1_40' title='bbox 1226 701 1358 778; x_wconf 86' lang='lat' dir='ltr'>quando</span> <span class='ocrx_word' id='word_1_41' title='bbox 1382 703 1417 764; x_wconf 91' lang='lat' dir='ltr'>in</span> <span class='ocrx_word' id='word_1_42' title='bbox 1441 703 1535 765; x_wconf 85' lang='lat' dir='ltr'>sexta</span> <span class='ocrx_word' id='word_1_43' title='bbox 1556 703 1640 766; x_wconf 84' lang='lat' dir='ltr'>feria</span> <span class='ocrx_word' id='word_1_44' title='bbox 1665 705 1736 766; x_wconf 89' lang='lat' dir='ltr'>dies</span> 
     </span>
     <span class='ocr_line' id='line_1_6' title="bbox 90 782 1736 865; baseline 0.012 -21"><span class='ocrx_word' id='word_1_45' title='bbox 90 783 170 844; x_wconf 91' lang='lat' dir='ltr'>durn</span> <span class='ocrx_word' id='word_1_46' title='bbox 185 784 334 846; x_wconf 88' lang='lat' dir='ltr'>nostram</span> <span class='ocrx_word' id='word_1_47' title='bbox 348 782 588 859; x_wconf 82' lang='lat' dir='ltr'>indulgentiam</span> <span class='ocrx_word' id='word_1_48' title='bbox 608 800 683 846; x_wconf 91' lang='lat' dir='ltr'>eum</span> <span class='ocrx_word' id='word_1_49' title='bbox 702 787 800 850; x_wconf 90' lang='lat' dir='ltr'>altari</span> <span class='ocrx_word' id='word_1_50' title='bbox 815 790 889 850; x_wconf 82' lang='lat' dir='ltr'>via·</span> <span class='ocrx_word' id='word_1_51' title='bbox 941 795 1122 857; x_wconf 85' lang='lat' dir='ltr'>Dominicae</span> <span class='ocrx_word' id='word_1_52' title='bbox 1138 797 1330 860; x_wconf 80' lang='lat' dir='ltr'>Natiuitatis</span> <span class='ocrx_word' id='word_1_53' title='bbox 1346 801 1501 862; x_wconf 75' lang='lat' dir='ltr'>occurrit.</span> <span class='ocrx_word' id='word_1_54' title='bbox 1522 801 1571 862; x_wconf 90' lang='lat' dir='ltr'>Ad</span> <span class='ocrx_word' id='word_1_55' title='bbox 1597 802 1658 864; x_wconf 93' lang='lat' dir='ltr'>hoc</span> <span class='ocrx_word' id='word_1_56' title='bbox 1669 803 1736 865; x_wconf 89' lang='lat' dir='ltr'>tale</span> 
     </span>
     <span class='ocr_line' id='line_1_7' title="bbox 90 879 1734 976; baseline 0.013 -35"><span class='ocrx_word' id='word_1_57' title='bbox 90 880 157 942; x_wconf 92' lang='lat' dir='ltr'>tico</span> <span class='ocrx_word' id='word_1_58' title='bbox 172 880 336 943; x_wconf 88' lang='lat' dir='ltr'>solemnia</span> <span class='ocrx_word' id='word_1_59' title='bbox 362 879 531 942; x_wconf 88' lang='lat' dir='ltr'>celebrare</span> <span class='ocrx_word' id='word_1_60' title='bbox 558 881 746 956; x_wconf 88' lang='lat' dir='ltr'>missarum,</span> <span class='ocrx_word' id='word_1_61' title='bbox 768 884 803 946; x_wconf 91' lang='lat' dir='ltr'>in</span> <span class='ocrx_word' id='word_1_62' title='bbox 831 901 887 948; x_wconf 92' lang='lat' dir='ltr'>eos</span> <span class='ocrx_word' id='word_1_63' title='bbox 942 892 1058 953; x_wconf 88' lang='lat' dir='ltr'>damus</span> <span class='ocrx_word' id='word_1_64' title='bbox 1077 909 1293 972; x_wconf 86' lang='lat' dir='ltr'>responsum;</span> <span class='ocrx_word' id='word_1_65' title='bbox 1311 897 1396 974; x_wconf 85' lang='lat' dir='ltr'>quod</span> <span class='ocrx_word' id='word_1_66' title='bbox 1421 898 1470 958; x_wconf 90' lang='lat' dir='ltr'>illi</span> <span class='ocrx_word' id='word_1_67' title='bbox 1488 899 1543 976; x_wconf 90' lang='lat' dir='ltr'>qni</span> <span class='ocrx_word' id='word_1_68' title='bbox 1570 915 1632 961; x_wconf 92' lang='lat' dir='ltr'>nec</span> <span class='ocrx_word' id='word_1_69' title='bbox 1646 902 1703 962; x_wconf 86' lang='lat' dir='ltr'>vot</span> <span class='ocrx_word' id='word_1_70' title='bbox 1727 948 1734 971; x_wconf 90' lang='lat'>,</span> 
     </span>
     <span class='ocr_line' id='line_1_8' title="bbox 90 977 1736 1070; baseline 0.012 -31"><span class='ocrx_word' id='word_1_71' title='bbox 90 978 123 1040; x_wconf 91' lang='lat' dir='ltr'>et</span> <span class='ocrx_word' id='word_1_72' title='bbox 161 977 308 1055; x_wconf 83' lang='lat' dir='ltr'>hospites</span> <span class='ocrx_word' id='word_1_73' title='bbox 336 993 414 1039; x_wconf 92' lang='lat' dir='ltr'>suos</span> <span class='ocrx_word' id='word_1_74' title='bbox 438 978 473 1040; x_wconf 91' lang='lat' dir='ltr'>in</span> <span class='ocrx_word' id='word_1_75' title='bbox 502 982 662 1057; x_wconf 84' lang='lat' dir='ltr'>majorem</span> <span class='ocrx_word' id='word_1_76' title='bbox 690 983 887 1060; x_wconf 81' lang='lat' dir='ltr'>apostolieae</span> <span class='ocrx_word' id='word_1_77' title='bbox 942 1006 1003 1052; x_wconf 91' lang='lat' dir='ltr'>nee</span> <span class='ocrx_word' id='word_1_78' title='bbox 1024 992 1171 1068; x_wconf 89' lang='lat' dir='ltr'>regulari</span> <span class='ocrx_word' id='word_1_79' title='bbox 1193 992 1403 1057; x_wconf 86' lang='lat' dir='ltr'>observantia</span> <span class='ocrx_word' id='word_1_80' title='bbox 1432 996 1509 1059; x_wconf 89' lang='lat' dir='ltr'>sunt</span> <span class='ocrx_word' id='word_1_81' title='bbox 1534 997 1672 1070; x_wconf 82' lang='lat' dir='ltr'>astricti,</span> <span class='ocrx_word' id='word_1_82' title='bbox 1701 998 1736 1060; x_wconf 91' lang='lat' dir='ltr'>iii</span> 
     </span>
     <span class='ocr_line' id='line_1_9' title="bbox 93 1073 1735 1163; baseline 0.013 -26"><span class='ocrx_word' id='word_1_83' title='bbox 93 1073 189 1136; x_wconf 87' lang='lat' dir='ltr'>Sedis</span> <span class='ocrx_word' id='word_1_84' title='bbox 201 1073 359 1152; x_wconf 84' lang='lat' dir='ltr'>injuriam</span> <span class='ocrx_word' id='word_1_85' title='bbox 372 1074 406 1136; x_wconf 79' lang='lat' dir='ltr'>et</span> <span class='ocrx_word' id='word_1_86' title='bbox 420 1075 642 1152; x_wconf 78' lang='lat' dir='ltr'>contemptum</span> <span class='ocrx_word' id='word_1_87' title='bbox 657 1080 888 1140; x_wconf 76' lang='lat' dir='ltr'>excommuni-</span> <span class='ocrx_word' id='word_1_88' title='bbox 943 1090 1036 1150; x_wconf 81' lang='lat' dir='ltr'>sexta</span> <span class='ocrx_word' id='word_1_89' title='bbox 1051 1087 1146 1163; x_wconf 81' lang='lat' dir='ltr'>laria,</span> <span class='ocrx_word' id='word_1_90' title='bbox 1164 1090 1193 1150; x_wconf 90' lang='lat' dir='ltr'>si</span> <span class='ocrx_word' id='word_1_91' title='bbox 1213 1089 1332 1153; x_wconf 85' lang='lat' dir='ltr'>testum</span> <span class='ocrx_word' id='word_1_92' title='bbox 1347 1093 1539 1156; x_wconf 80' lang='lat' dir='ltr'>Natiuitatis</span> <span class='ocrx_word' id='word_1_93' title='bbox 1555 1097 1735 1160; x_wconf 81' lang='lat' dir='ltr'>Dominicis</span> 
     </span>
     <span class='ocr_line' id='line_1_10' title="bbox 91 1172 1737 1271; baseline 0.013 -36"><span class='ocrx_word' id='word_1_94' title='bbox 91 1172 234 1232; x_wconf 83' lang='lat' dir='ltr'>cationis</span> <span class='ocrx_word' id='word_1_95' title='bbox 261 1173 460 1234; x_wconf 88' lang='lat' dir='ltr'>senientiam</span> <span class='ocrx_word' id='word_1_96' title='bbox 489 1174 751 1252; x_wconf 58' lang='lat' dir='ltr'>promulgnntw</span> <span class='ocrx_word' id='word_1_97' title='bbox 779 1193 887 1254; x_wconf 73' lang='lat' dir='ltr'>qnan-</span> <span class='ocrx_word' id='word_1_98' title='bbox 942 1187 1014 1264; x_wconf 89' lang='lat' dir='ltr'>ipso</span> <span class='ocrx_word' id='word_1_99' title='bbox 1028 1187 1081 1248; x_wconf 88' lang='lat' dir='ltr'>ilie</span> <span class='ocrx_word' id='word_1_100' title='bbox 1096 1187 1272 1264; x_wconf 88' lang='lat' dir='ltr'>contigerit</span> <span class='ocrx_word' id='word_1_101' title='bbox 1286 1190 1412 1259; x_wconf 82' lang='lat' dir='ltr'>venire,</span> <span class='ocrx_word' id='word_1_102' title='bbox 1435 1191 1590 1254; x_wconf 89' lang='lat' dir='ltr'>carnibus</span> <span class='ocrx_word' id='word_1_103' title='bbox 1604 1194 1737 1271; x_wconf 86' lang='lat' dir='ltr'>propter</span> 
     </span>
     <span class='ocr_line' id='line_1_11' title="bbox 91 1268 1736 1365; baseline 0.013 -37"><span class='ocrx_word' id='word_1_104' title='bbox 91 1286 192 1346; x_wconf 90' lang='lat' dir='ltr'>quain</span> <span class='ocrx_word' id='word_1_105' title='bbox 217 1268 348 1346; x_wconf 85' lang='lat' dir='ltr'>praelati</span> <span class='ocrx_word' id='word_1_106' title='bbox 374 1269 494 1332; x_wconf 81' lang='lat' dir='ltr'>fratres</span> <span class='ocrx_word' id='word_1_107' title='bbox 512 1270 553 1332; x_wconf 87' lang='lat' dir='ltr'>ab</span> <span class='ocrx_word' id='word_1_108' title='bbox 577 1272 667 1334; x_wconf 89' lang='lat' dir='ltr'>omni</span> <span class='ocrx_word' id='word_1_109' title='bbox 686 1275 763 1350; x_wconf 84' lang='lat' dir='ltr'>jure</span> <span class='ocrx_word' id='word_1_110' title='bbox 789 1291 890 1352; x_wconf 89' lang='lat' dir='ltr'>paro-</span> <span class='ocrx_word' id='word_1_111' title='bbox 942 1284 1018 1346; x_wconf 87' lang='lat' dir='ltr'>sesti</span> <span class='ocrx_word' id='word_1_112' title='bbox 1046 1285 1278 1348; x_wconf 87' lang='lat' dir='ltr'>excellentiam</span> <span class='ocrx_word' id='word_1_113' title='bbox 1304 1287 1351 1348; x_wconf 93' lang='lat' dir='ltr'>uti</span> <span class='ocrx_word' id='word_1_114' title='bbox 1382 1291 1529 1365; x_wconf 89' lang='lat' dir='ltr'>possunt,</span> <span class='ocrx_word' id='word_1_115' title='bbox 1556 1291 1736 1352; x_wconf 84' lang='lat' dir='ltr'>seeundum</span> 
     </span>
     <span class='ocr_line' id='line_1_12' title="bbox 91 1367 1738 1464; baseline 0.011 -31"><span class='ocrx_word' id='word_1_116' title='bbox 91 1367 197 1428; x_wconf 83' lang='lat' dir='ltr'>chiali</span> <span class='ocrx_word' id='word_1_117' title='bbox 216 1367 408 1430; x_wconf 77' lang='lat' dir='ltr'>contineant</span> <span class='ocrx_word' id='word_1_118' title='bbox 444 1384 563 1430; x_wconf 73' lang='lat' dir='ltr'>manns</span> <span class='ocrx_word' id='word_1_119' title='bbox 589 1385 678 1431; x_wconf 75' lang='lat' dir='ltr'>suns·</span> <span class='ocrx_word' id='word_1_120' title='bbox 702 1371 785 1443; x_wconf 79' lang='lat' dir='ltr'>Quin</span> <span class='ocrx_word' id='word_1_121' title='bbox 808 1387 888 1434; x_wconf 76' lang='grc' dir='ltr'>ιθιθ</span> <span class='ocrx_word' id='word_1_122' title='bbox 942 1383 1214 1446; x_wconf 81' lang='lat' dir='ltr'>consuetudinem</span> <span class='ocrx_word' id='word_1_123' title='bbox 1238 1384 1396 1446; x_wconf 74' lang='lat' dir='ltr'>Ecclesiae</span> <span class='ocrx_word' id='word_1_124' title='bbox 1411 1388 1589 1464; x_wconf 90' lang='lat' dir='ltr'>generalis,</span> <span class='ocrx_word' id='word_1_125' title='bbox 1610 1391 1738 1451; x_wconf 83' lang='lat' dir='ltr'>necte-</span> 
     </span>
    </p>
   </div>
   <div class='ocr_carea' id='block_1_4' title="bbox 91 1463 1733 1644">
    <p class='ocr_par' dir='ltr' id='par_1_4' title="bbox 91 1463 1733 1644">
     <span class='ocr_line' id='line_1_13' title="bbox 92 1463 1733 1562; baseline 0.013 -37"><span class='ocrx_word' id='word_1_126' title='bbox 92 1463 250 1526; x_wconf 89' lang='lat' dir='ltr'>debemus</span> <span class='ocrx_word' id='word_1_127' title='bbox 263 1465 439 1541; x_wconf 89' lang='lat' dir='ltr'>religiosas</span> <span class='ocrx_word' id='word_1_128' title='bbox 452 1465 564 1528; x_wconf 82' lang='lat' dir='ltr'>fovere</span> <span class='ocrx_word' id='word_1_129' title='bbox 579 1483 748 1545; x_wconf 83' lang='lat' dir='ltr'>personas,</span> <span class='ocrx_word' id='word_1_130' title='bbox 771 1470 804 1532; x_wconf 90' lang='lat' dir='ltr'>et</span> <span class='ocrx_word' id='word_1_131' title='bbox 817 1486 890 1531; x_wconf 89' lang='lat' dir='ltr'>ma·</span> <span class='ocrx_word' id='word_1_132' title='bbox 942 1497 1018 1543; x_wconf 73' lang='lat' dir='ltr'>men</span> <span class='ocrx_word' id='word_1_133' title='bbox 1037 1481 1073 1543; x_wconf 84' lang='lat' dir='ltr'>hi</span> <span class='ocrx_word' id='word_1_134' title='bbox 1090 1482 1354 1559; x_wconf 79' lang='lat' dir='ltr'>reprehendendi</span> <span class='ocrx_word' id='word_1_135' title='bbox 1367 1485 1445 1545; x_wconf 87' lang='lat' dir='ltr'>sunt</span> <span class='ocrx_word' id='word_1_136' title='bbox 1467 1485 1522 1562; x_wconf 88' lang='lat' dir='ltr'>qui</span> <span class='ocrx_word' id='word_1_137' title='bbox 1537 1485 1578 1546; x_wconf 89' lang='lat' dir='ltr'>oh</span> <span class='ocrx_word' id='word_1_138' title='bbox 1589 1485 1733 1547; x_wconf 81' lang='lat' dir='ltr'>devotio-</span> 
     </span>
     <span class='ocr_line' id='line_1_14' title="bbox 91 1562 1389 1644; baseline 0.012 -20"><span class='ocrx_word' id='word_1_139' title='bbox 91 1563 183 1624; x_wconf 77' lang='lat' dir='ltr'>sime</span> <span class='ocrx_word' id='word_1_140' title='bbox 198 1562 278 1624; x_wconf 88' lang='lat' dir='ltr'>dicii</span> <span class='ocrx_word' id='word_1_141' title='bbox 293 1563 419 1624; x_wconf 85' lang='lat' dir='ltr'>ordinis</span> <span class='ocrx_word' id='word_1_142' title='bbox 441 1563 572 1638; x_wconf 82' lang='lat' dir='ltr'>fratrae,</span> <span class='ocrx_word' id='word_1_143' title='bbox 597 1566 653 1644; x_wconf 89' lang='lat' dir='ltr'>qui</span> <span class='ocrx_word' id='word_1_144' title='bbox 672 1567 798 1630; x_wconf 90' lang='lat' dir='ltr'>relictis</span> <span class='ocrx_word' id='word_1_145' title='bbox 817 1584 890 1630; x_wconf 93' lang='lat' dir='ltr'>om·</span> <span class='ocrx_word' id='word_1_146' title='bbox 943 1594 1019 1640; x_wconf 78' lang='lat' dir='ltr'>nem</span> <span class='ocrx_word' id='word_1_147' title='bbox 1032 1578 1200 1642; x_wconf 82' lang='lat' dir='ltr'>voluerint</span> <span class='ocrx_word' id='word_1_148' title='bbox 1211 1578 1389 1642; x_wconf 88' lang='lat' dir='ltr'>abstinere.</span> 
     </span>
    </p>
   </div>
   <div class='ocr_carea' id='block_1_5' title="bbox 91 1659 889 1742">
    <p class='ocr_par' dir='ltr' id='par_1_5' title="bbox 91 1659 889 1742">
     <span class='ocr_line' id='line_1_15' title="bbox 91 1659 889 1742; baseline 0.011 -22"><span class='ocrx_word' id='word_1_149' title='bbox 91 1659 191 1721; x_wconf 93' lang='lat' dir='ltr'>nibus</span> <span class='ocrx_word' id='word_1_150' title='bbox 217 1660 384 1723; x_wconf 82' lang='lat' dir='ltr'>Christum</span> <span class='ocrx_word' id='word_1_151' title='bbox 416 1664 618 1739; x_wconf 85' lang='lat' dir='ltr'>sequuntur,</span> <span class='ocrx_word' id='word_1_152' title='bbox 646 1680 706 1742; x_wconf 89' lang='lat' dir='ltr'>pro</span> <span class='ocrx_word' id='word_1_153' title='bbox 741 1681 780 1728; x_wconf 89' lang='lat' dir='ltr'>eo</span> <span class='ocrx_word' id='word_1_154' title='bbox 816 1681 889 1728; x_wconf 93' lang='lat' dir='ltr'>esse</span> 
     </span>
    </p>
   </div>
   <div class='ocr_carea' id='block_1_6' title="bbox 87 1759 891 2912">
    <p class='ocr_par' dir='ltr' id='par_1_6' title="bbox 87 1759 891 2912">
     <span class='ocr_line' id='line_1_16' title="bbox 92 1759 889 1836; baseline 0.009 -18"><span class='ocrx_word' id='word_1_155' title='bbox 92 1773 269 1836; x_wconf 85' lang='lat' dir='ltr'>pauperes,</span> <span class='ocrx_word' id='word_1_156' title='bbox 286 1759 319 1822; x_wconf 87' lang='lat' dir='ltr'>et</span> <span class='ocrx_word' id='word_1_157' title='bbox 338 1759 371 1820; x_wconf 92' lang='lat' dir='ltr'>in</span> <span class='ocrx_word' id='word_1_158' title='bbox 388 1761 582 1836; x_wconf 83' lang='lat' dir='ltr'>paupertate</span> <span class='ocrx_word' id='word_1_159' title='bbox 603 1762 716 1826; x_wconf 83' lang='lat' dir='ltr'>vivere</span> <span class='ocrx_word' id='word_1_160' title='bbox 732 1765 889 1826; x_wconf 90' lang='lat' dir='ltr'>continua</span> 
     </span>
     <span class='ocr_line' id='line_1_17' title="bbox 92 1856 888 1936; baseline 0.009 -19"><span class='ocrx_word' id='word_1_161' title='bbox 92 1857 266 1932; x_wconf 86' lang='lat' dir='ltr'>eligentes,</span> <span class='ocrx_word' id='word_1_162' title='bbox 289 1872 330 1918; x_wconf 88' lang='lat' dir='ltr'>ae</span> <span class='ocrx_word' id='word_1_163' title='bbox 351 1856 446 1919; x_wconf 90' lang='lat' dir='ltr'>decet</span> <span class='ocrx_word' id='word_1_164' title='bbox 459 1874 520 1920; x_wconf 90' lang='lat' dir='ltr'>nos</span> <span class='ocrx_word' id='word_1_165' title='bbox 539 1859 745 1936; x_wconf 75' lang='lat' dir='ltr'>apostolicas</span> <span class='ocrx_word' id='word_1_166' title='bbox 773 1861 888 1924; x_wconf 93' lang='lat' dir='ltr'>indul·</span> 
     </span>
     <span class='ocr_line' id='line_1_18' title="bbox 91 1953 891 2035; baseline 0.009 -19"><span class='ocrx_word' id='word_1_167' title='bbox 91 1954 224 2030; x_wconf 83' lang='lat' dir='ltr'>gentina</span> <span class='ocrx_word' id='word_1_168' title='bbox 237 1953 425 2028; x_wconf 82' lang='lat' dir='ltr'>ohservare,</span> <span class='ocrx_word' id='word_1_169' title='bbox 444 1955 519 2018; x_wconf 85' lang='lat' dir='ltr'>hat.</span> <span class='ocrx_word' id='word_1_170' title='bbox 535 1956 559 2018; x_wconf 91' lang='lat' dir='ltr'>t.</span> <span class='ocrx_word' id='word_1_171' title='bbox 574 1973 617 2018; x_wconf 89' lang='lat' dir='ltr'>m.</span> <span class='ocrx_word' id='word_1_172' title='bbox 634 1959 796 2035; x_wconf 87' lang='lat' dir='ltr'>quatenus</span> <span class='ocrx_word' id='word_1_173' title='bbox 809 1975 891 2022; x_wconf 88' lang='lat' dir='ltr'>aue-</span> 
     </span>
     <span class='ocr_line' id='line_1_19' title="bbox 92 2052 890 2136; baseline 0.01 -24"><span class='ocrx_word' id='word_1_174' title='bbox 92 2052 226 2114; x_wconf 86' lang='lat' dir='ltr'>toritate</span> <span class='ocrx_word' id='word_1_175' title='bbox 239 2052 354 2115; x_wconf 87' lang='lat' dir='ltr'>nostra</span> <span class='ocrx_word' id='word_1_176' title='bbox 372 2054 525 2116; x_wconf 88' lang='lat' dir='ltr'>inhibeas</span> <span class='ocrx_word' id='word_1_177' title='bbox 547 2056 748 2133; x_wconf 81' lang='lat' dir='ltr'>generaliter</span> <span class='ocrx_word' id='word_1_178' title='bbox 769 2058 890 2136; x_wconf 87' lang='lat' dir='ltr'>praela-</span> 
     </span>
     <span class='ocr_line' id='line_1_20' title="bbox 90 2150 889 2229; baseline 0.01 -19"><span class='ocrx_word' id='word_1_179' title='bbox 90 2150 133 2210; x_wconf 87' lang='lat' dir='ltr'>iis</span> <span class='ocrx_word' id='word_1_180' title='bbox 170 2150 318 2226; x_wconf 78' lang='lat' dir='ltr'>regionis</span> <span class='ocrx_word' id='word_1_181' title='bbox 351 2152 511 2229; x_wconf 89' lang='lat' dir='ltr'>ejusdem,</span> <span class='ocrx_word' id='word_1_182' title='bbox 551 2168 593 2216; x_wconf 90' lang='lat' dir='ltr'>ne</span> <span class='ocrx_word' id='word_1_183' title='bbox 627 2153 667 2216; x_wconf 90' lang='lat' dir='ltr'>de</span> <span class='ocrx_word' id='word_1_184' title='bbox 703 2156 812 2218; x_wconf 90' lang='lat' dir='ltr'>cetero</span> <span class='ocrx_word' id='word_1_185' title='bbox 840 2155 889 2218; x_wconf 89' lang='lat' dir='ltr'>sie</span> 
     </span>
     <span class='ocr_line' id='line_1_21' title="bbox 91 2248 889 2332; baseline 0.009 -24"><span class='ocrx_word' id='word_1_186' title='bbox 91 2248 384 2311; x_wconf 83' lang='lat' dir='ltr'>excommunicent</span> <span class='ocrx_word' id='word_1_187' title='bbox 410 2249 516 2311; x_wconf 91' lang='lat' dir='ltr'>dictos</span> <span class='ocrx_word' id='word_1_188' title='bbox 542 2250 663 2313; x_wconf 82' lang='lat' dir='ltr'>tratres</span> <span class='ocrx_word' id='word_1_189' title='bbox 688 2253 722 2316; x_wconf 89' lang='lat' dir='ltr'>et</span> <span class='ocrx_word' id='word_1_190' title='bbox 742 2254 889 2332; x_wconf 85' lang='lat' dir='ltr'>hospites</span> 
     </span>
     <span class='ocr_line' id='line_1_22' title="bbox 91 2345 887 2428; baseline 0.009 -22"><span class='ocrx_word' id='word_1_191' title='bbox 91 2345 295 2418; x_wconf 91' lang='lat' dir='ltr'>eorumdem,</span> <span class='ocrx_word' id='word_1_192' title='bbox 325 2361 387 2408; x_wconf 89' lang='lat' dir='ltr'>nec</span> <span class='ocrx_word' id='word_1_193' title='bbox 419 2347 532 2424; x_wconf 87' lang='lat' dir='ltr'>aliquo</span> <span class='ocrx_word' id='word_1_194' title='bbox 569 2349 666 2412; x_wconf 91' lang='lat' dir='ltr'>inodo</span> <span class='ocrx_word' id='word_1_195' title='bbox 693 2350 887 2428; x_wconf 89' lang='lat' dir='ltr'>impediant,</span> 
     </span>
     <span class='ocr_line' id='line_1_23' title="bbox 90 2443 890 2526; baseline 0.009 -22"><span class='ocrx_word' id='word_1_196' title='bbox 90 2443 268 2520; x_wconf 85' lang='lat' dir='ltr'>quominus</span> <span class='ocrx_word' id='word_1_197' title='bbox 283 2443 403 2506; x_wconf 77' lang='lat' dir='ltr'>trabes</span> <span class='ocrx_word' id='word_1_198' title='bbox 416 2445 479 2522; x_wconf 91' lang='lat' dir='ltr'>ipsi</span> <span class='ocrx_word' id='word_1_199' title='bbox 493 2445 581 2508; x_wconf 84' lang='lat' dir='ltr'>dieta</span> <span class='ocrx_word' id='word_1_200' title='bbox 596 2445 802 2525; x_wconf 91' lang='lat' dir='ltr'>indulgentia</span> <span class='ocrx_word' id='word_1_201' title='bbox 818 2465 890 2526; x_wconf 91' lang='lat' dir='ltr'>pos-</span> 
     </span>
     <span class='ocr_line' id='line_1_24' title="bbox 89 2540 890 2624; baseline 0.01 -23"><span class='ocrx_word' id='word_1_202' title='bbox 89 2540 158 2602; x_wconf 90' lang='lat' dir='ltr'>sint</span> <span class='ocrx_word' id='word_1_203' title='bbox 175 2541 233 2614; x_wconf 89' lang='lat' dir='ltr'>uti,</span> <span class='ocrx_word' id='word_1_204' title='bbox 249 2541 326 2618; x_wconf 88' lang='lat' dir='ltr'>quia</span> <span class='ocrx_word' id='word_1_205' title='bbox 340 2557 408 2603; x_wconf 93' lang='lat' dir='ltr'>non</span> <span class='ocrx_word' id='word_1_206' title='bbox 421 2543 557 2620; x_wconf 87' lang='lat' dir='ltr'>impune</span> <span class='ocrx_word' id='word_1_207' title='bbox 573 2544 729 2624; x_wconf 89' lang='lat' dir='ltr'>deinceps</span> <span class='ocrx_word' id='word_1_208' title='bbox 741 2547 823 2608; x_wconf 88' lang='lat' dir='ltr'>talia</span> <span class='ocrx_word' id='word_1_209' title='bbox 838 2546 890 2608; x_wconf 82' lang='lat' dir='ltr'>ta-</span> 
     </span>
     <span class='ocr_line' id='line_1_25' title="bbox 89 2638 890 2723; baseline 0.007 -23"><span class='ocrx_word' id='word_1_210' title='bbox 89 2638 216 2710; x_wconf 88' lang='lat' dir='ltr'>cerent,</span> <span class='ocrx_word' id='word_1_211' title='bbox 242 2655 342 2716; x_wconf 91' lang='lat' dir='ltr'>quum</span> <span class='ocrx_word' id='word_1_212' title='bbox 365 2655 430 2703; x_wconf 94' lang='lat' dir='ltr'>non</span> <span class='ocrx_word' id='word_1_213' title='bbox 452 2641 617 2718; x_wconf 90' lang='lat' dir='ltr'>possimus</span> <span class='ocrx_word' id='word_1_214' title='bbox 641 2644 783 2722; x_wconf 87' lang='lat' dir='ltr'>injurias</span> <span class='ocrx_word' id='word_1_215' title='bbox 806 2661 890 2723; x_wconf 92' lang='lat' dir='ltr'>pau-</span> 
     </span>
     <span class='ocr_line' id='line_1_26' title="bbox 88 2736 890 2820; baseline 0.011 -24"><span class='ocrx_word' id='word_1_216' title='bbox 88 2751 209 2813; x_wconf 90' lang='lat' dir='ltr'>perum</span> <span class='ocrx_word' id='word_1_217' title='bbox 223 2736 357 2810; x_wconf 85' lang='lat' dir='ltr'>Christi,</span> <span class='ocrx_word' id='word_1_218' title='bbox 375 2738 408 2799; x_wconf 92' lang='lat' dir='ltr'>et</span> <span class='ocrx_word' id='word_1_219' title='bbox 433 2753 605 2800; x_wconf 86' lang='lat' dir='ltr'>servorum</span> <span class='ocrx_word' id='word_1_220' title='bbox 625 2743 697 2819; x_wconf 90' lang='lat' dir='ltr'>ejus</span> <span class='ocrx_word' id='word_1_221' title='bbox 720 2741 890 2820; x_wconf 88' lang='lat' dir='ltr'>inquietu-</span> 
     </span>
     <span class='ocr_line' id='line_1_27' title="bbox 87 2833 634 2912; baseline 0.009 -18"><span class='ocrx_word' id='word_1_222' title='bbox 87 2833 204 2895; x_wconf 91' lang='lat' dir='ltr'>dinem</span> <span class='ocrx_word' id='word_1_223' title='bbox 215 2835 445 2912; x_wconf 86' lang='lat' dir='ltr'>aequanimiter</span> <span class='ocrx_word' id='word_1_224' title='bbox 459 2836 634 2899; x_wconf 90' lang='lat' dir='ltr'>sustinere.</span> 
     </span>
    </p>
   </div>
   <div class='ocr_carea' id='block_1_7' title="bbox 303 2987 658 3076">
    <p class='ocr_par' dir='ltr' id='par_1_7' title="bbox 303 2987 658 3076">
     <span class='ocr_line' id='line_1_28' title="bbox 303 2987 658 3076; baseline 0.011 -4"><span class='ocrx_word' id='word_1_225' title='bbox 303 2987 515 3076; x_wconf 78' lang='lat' dir='ltr'>illatos</span> <span class='ocrx_word' id='word_1_226' title='bbox 552 2987 658 3076; x_wconf 86' lang='lat' dir='ltr'>XXV</span> 
     </span>
    </p>
   </div>
   <div class='ocr_carea' id='block_1_8' title="bbox 182 3123 796 3308">
    <p class='ocr_par' dir='ltr' id='par_1_8' title="bbox 182 3123 796 3308">
     <span class='ocr_line' id='line_1_29' title="bbox 182 3123 796 3204; baseline 0.008 -23"><span class='ocrx_word' id='word_1_227' title='bbox 182 3133 225 3181; x_wconf 82' lang='lat' dir='ltr'>nu</span> <span class='ocrx_word' id='word_1_228' title='bbox 247 3133 500 3184; x_wconf 82' lang='lat' dir='ltr'>oasnnvarmria</span> <span class='ocrx_word' id='word_1_229' title='bbox 519 3137 730 3188; x_wconf 73' lang='lat' dir='ltr'>paromoeon</span> <span class='ocrx_word' id='word_1_230' title='bbox 753 3123 796 3204; x_wconf 81' lang='lat'>(1)</span> 
     </span>
     <span class='ocr_line' id='line_1_30' title="bbox 251 3229 726 3308; baseline 0.006 -20"><span class='ocrx_word' id='word_1_231' title='bbox 251 3230 473 3304; x_wconf 75' lang='lat' dir='ltr'>Pargonenst</span> <span class='ocrx_word' id='word_1_232' title='bbox 498 3232 654 3306; x_wconf 83' lang='lat' dir='ltr'>episeopo</span> <span class='ocrx_word' id='word_1_233' title='bbox 670 3229 726 3308; x_wconf 87' lang='grc' dir='ltr'><strong>(α).</strong></span> 
     </span>
    </p>
   </div>
   <div class='ocr_carea' id='block_1_9' title="bbox 129 3363 888 3552">
    <p class='ocr_par' dir='ltr' id='par_1_9' title="bbox 129 3363 888 3552">
     <span class='ocr_line' id='line_1_31' title="bbox 402 3363 587 3424; baseline 0.005 -2"><span class='ocrx_word' id='word_1_234' title='bbox 402 3363 540 3424; x_wconf 80' lang='lat' dir='ltr'>CAPUT</span> <span class='ocrx_word' id='word_1_235' title='bbox 562 3365 587 3424; x_wconf 92' lang='grc' dir='ltr'>Ι.</span> 
     </span>
     <span class='ocr_line' id='line_1_32' title="bbox 129 3465 888 3552; baseline 0.004 -21"><span class='ocrx_word' id='word_1_236' title='bbox 129 3465 304 3547; x_wconf 78' lang='lat' dir='ltr'>Epoeari</span> <span class='ocrx_word' id='word_1_237' title='bbox 317 3482 378 3547; x_wconf 91' lang='lat' dir='ltr'>per</span> <span class='ocrx_word' id='word_1_238' title='bbox 398 3467 516 3530; x_wconf 78' lang='lat' dir='ltr'>sedern</span> <span class='ocrx_word' id='word_1_239' title='bbox 535 3470 758 3548; x_wconf 83' lang='lat' dir='ltr'>Apostoheam</span> <span class='ocrx_word' id='word_1_240' title='bbox 773 3473 888 3552; x_wconf 89' lang='lat' dir='ltr'>postu-</span> 
     </span>
    </p>
   </div>
   <div class='ocr_carea' id='block_1_10' title="bbox 84 3609 887 3900">
    <p class='ocr_par' dir='ltr' id='par_1_10' title="bbox 84 3609 887 3900">
     <span class='ocr_line' id='line_1_33' title="bbox 85 3609 887 3739; baseline 0.009 -71"><span class='ocrx_word' id='word_1_241' title='bbox 85 3625 202 3739; x_wconf 53' lang='lat' dir='ltr'>gnaco,</span> <span class='ocrx_word' id='word_1_242' title='bbox 213 3609 381 3694; x_wconf 67' lang='lat' dir='ltr'>desetigng,</span> <span class='ocrx_word' id='word_1_243' title='bbox 398 3611 432 3669; x_wconf 82' lang='lat'>73</span> <span class='ocrx_word' id='word_1_244' title='bbox 453 3626 469 3668; x_wconf 89' lang='lat' dir='ltr'>e</span> <span class='ocrx_word' id='word_1_245' title='bbox 490 3611 597 3696; x_wconf 85' lang='lat' dir='ltr'>iscopo,</span> <span class='ocrx_word' id='word_1_246' title='bbox 615 3613 658 3670; x_wconf 90' lang='lat' dir='ltr'>vel</span> <span class='ocrx_word' id='word_1_247' title='bbox 680 3613 887 3675; x_wconf 75' lang='lat' dir='ltr'>bartholomaeo</span> 
     </span>
     <span class='ocr_line' id='line_1_34' title="bbox 105 3681 887 3760; baseline 0.005 -20"><span class='ocrx_word' id='word_1_248' title='bbox 105 3683 348 3754; x_wconf 63' lang='lat' dir='ltr'>accinxerunt</span> <span class='ocrx_word' id='word_1_249' title='bbox 371 3681 424 3740; x_wconf 93' lang='lat' dir='ltr'>sub</span> <span class='ocrx_word' id='word_1_250' title='bbox 475 3698 574 3741; x_wconf 91' lang='lat' dir='ltr'>onorio</span> <span class='ocrx_word' id='word_1_251' title='bbox 596 3691 702 3742; x_wconf 87' lang='lat' dir='ltr'>nostro.</span> <span class='ocrx_word' id='word_1_252' title='bbox 728 3687 788 3744; x_wconf 87' lang='lat' dir='ltr'>iloe</span> <span class='ocrx_word' id='word_1_253' title='bbox 802 3693 887 3760; x_wconf 87' lang='lat' dir='ltr'>eaput</span> 
     </span>
     <span class='ocr_line' id='line_1_35' title="bbox 85 3752 886 3829; baseline 0.009 -21"><span class='ocrx_word' id='word_1_254' title='bbox 85 3752 258 3826; x_wconf 84' lang='lat' dir='ltr'>ingratiam</span> <span class='ocrx_word' id='word_1_255' title='bbox 275 3753 405 3809; x_wconf 86' lang='lat' dir='ltr'>Fratrum</span> <span class='ocrx_word' id='word_1_256' title='bbox 420 3753 560 3812; x_wconf 84' lang='lat' dir='ltr'>lituorum</span> <span class='ocrx_word' id='word_1_257' title='bbox 588 3755 724 3829; x_wconf 86' lang='lat' dir='ltr'>scripturn</span> <span class='ocrx_word' id='word_1_258' title='bbox 738 3763 793 3824; x_wconf 86' lang='lat' dir='ltr'>est,</span> <span class='ocrx_word' id='word_1_259' title='bbox 813 3759 886 3815; x_wconf 88' lang='lat' dir='ltr'>sieut</span> 
     </span>
     <span class='ocr_line' id='line_1_36' title="bbox 84 3822 886 3900; baseline 0.006 -20"><span class='ocrx_word' id='word_1_260' title='bbox 84 3830 115 3880; x_wconf 88' lang='lat' dir='ltr'>et</span> <span class='ocrx_word' id='word_1_261' title='bbox 130 3837 199 3896; x_wconf 87' lang='lat' dir='ltr'>cap.</span> <span class='ocrx_word' id='word_1_262' title='bbox 215 3822 247 3878; x_wconf 84' lang='lat' dir='ltr'>iii</span> <span class='ocrx_word' id='word_1_263' title='bbox 265 3823 320 3891; x_wconf 82' lang='lat' dir='ltr'>bie,</span> <span class='ocrx_word' id='word_1_264' title='bbox 343 3829 434 3892; x_wconf 87' lang='lat' dir='ltr'>extra,</span> <span class='ocrx_word' id='word_1_265' title='bbox 457 3825 490 3880; x_wconf 84' lang='lat' dir='ltr'>de</span> <span class='ocrx_word' id='word_1_266' title='bbox 510 3825 657 3898; x_wconf 69' lang='lat' dir='ltr'>Prioitep,</span> <span class='ocrx_word' id='word_1_267' title='bbox 686 3829 715 3884; x_wconf 89' lang='lat' dir='ltr'>et</span> <span class='ocrx_word' id='word_1_268' title='bbox 735 3835 886 3900; x_wconf 83' lang='lat' dir='ltr'>utrumque</span> 
     </span>
    </p>
   </div>
   <div class='ocr_carea' id='block_1_11' title="bbox 85 3892 1016 3970">
    <p class='ocr_par' dir='ltr' id='par_1_11' title="bbox 85 3892 1016 3970">
     <span class='ocr_line' id='line_1_37' title="bbox 85 3892 1016 3970; baseline 0.008 -20"><span class='ocrx_word' id='word_1_269' title='bbox 85 3894 228 3966; x_wconf 88' lang='lat' dir='ltr'>episeopo</span> <span class='ocrx_word' id='word_1_270' title='bbox 243 3892 396 3950; x_wconf 71' lang='lat' dir='ltr'>herisiensi</span> <span class='ocrx_word' id='word_1_271' title='bbox 419 3909 426 3950; x_wconf 92' lang='lat'><strong>:</strong></span> <span class='ocrx_word' id='word_1_272' title='bbox 451 3894 502 3951; x_wconf 88' lang='lat' dir='ltr'>sed</span> <span class='ocrx_word' id='word_1_273' title='bbox 518 3894 722 3954; x_wconf 88' lang='lat' dir='ltr'>advertendum</span> <span class='ocrx_word' id='word_1_274' title='bbox 737 3906 790 3962; x_wconf 87' lang='lat' dir='ltr'>est,</span> <span class='ocrx_word' id='word_1_275' title='bbox 812 3898 886 3970; x_wconf 83' lang='lat' dir='ltr'>quod</span> <span class='ocrx_word' id='word_1_276' title='bbox 977 3894 1016 3968; x_wconf 92' lang='lat'>()</span> 
     </span>
    </p>
   </div>
   <div class='ocr_carea' id='block_1_12' title="bbox 81 3963 887 5309">
    <p class='ocr_par' dir='ltr' id='par_1_12' title="bbox 83 3963 887 4324">
     <span class='ocr_line' id='line_1_38' title="bbox 86 3963 887 4038; baseline 0.006 -16"><span class='ocrx_word' id='word_1_277' title='bbox 86 3965 199 4022; x_wconf 87' lang='lat' dir='ltr'>dictum</span> <span class='ocrx_word' id='word_1_278' title='bbox 220 3977 285 4038; x_wconf 88' lang='lat' dir='ltr'>cup.</span> <span class='ocrx_word' id='word_1_279' title='bbox 316 3963 346 4020; x_wconf 84' lang='lat' dir='ltr'>iii</span> <span class='ocrx_word' id='word_1_280' title='bbox 369 3963 423 4032; x_wconf 83' lang='lat' dir='ltr'>bie,</span> <span class='ocrx_word' id='word_1_281' title='bbox 445 3965 570 4036; x_wconf 86' lang='lat' dir='ltr'>loquitur</span> <span class='ocrx_word' id='word_1_282' title='bbox 593 3971 651 4025; x_wconf 86' lang='lat' dir='ltr'>tarn</span> <span class='ocrx_word' id='word_1_283' title='bbox 677 3967 714 4026; x_wconf 93' lang='lat' dir='ltr'>de</span> <span class='ocrx_word' id='word_1_284' title='bbox 743 3969 887 4027; x_wconf 85' lang='lat' dir='ltr'>Fratribus</span> 
     </span>
     <span class='ocr_line' id='line_1_39' title="bbox 86 4034 885 4112; baseline 0.005 -19"><span class='ocrx_word' id='word_1_285' title='bbox 86 4034 885 4112; x_wconf 83' lang='lat' dir='ltr'>Praedieatoribus,qnamdellinoribusiiivulgetiscodi-</span> 
     </span>
     <span class='ocr_line' id='line_1_40' title="bbox 83 4102 885 4182; baseline 0.007 -20"><span class='ocrx_word' id='word_1_286' title='bbox 83 4107 182 4174; x_wconf 86' lang='lat' dir='ltr'>cibus,</span> <span class='ocrx_word' id='word_1_287' title='bbox 198 4102 249 4162; x_wconf 88' lang='lat' dir='ltr'>sed</span> <span class='ocrx_word' id='word_1_288' title='bbox 264 4121 320 4161; x_wconf 92' lang='lat' dir='ltr'>oon</span> <span class='ocrx_word' id='word_1_289' title='bbox 336 4107 365 4161; x_wconf 94' lang='lat' dir='ltr'>in</span> <span class='ocrx_word' id='word_1_290' title='bbox 379 4106 451 4162; x_wconf 90' lang='lat' dir='ltr'>meis</span> <span class='ocrx_word' id='word_1_291' title='bbox 463 4107 649 4177; x_wconf 76' lang='lat' dir='ltr'>iiibusllss,</span> <span class='ocrx_word' id='word_1_292' title='bbox 664 4109 804 4182; x_wconf 85' lang='lat' dir='ltr'>inquibus</span> <span class='ocrx_word' id='word_1_293' title='bbox 819 4113 885 4168; x_wconf 84' lang='lat' dir='ltr'>Fra·</span> 
     </span>
     <span class='ocr_line' id='line_1_41' title="bbox 85 4175 885 4252; baseline 0.005 -18"><span class='ocrx_word' id='word_1_294' title='bbox 85 4178 182 4234; x_wconf 88' lang='lat' dir='ltr'>tribus</span> <span class='ocrx_word' id='word_1_295' title='bbox 194 4175 350 4233; x_wconf 87' lang='lat' dir='ltr'>hiinoribus</span> <span class='ocrx_word' id='word_1_296' title='bbox 364 4181 476 4235; x_wconf 90' lang='lat' dir='ltr'>tantum</span> <span class='ocrx_word' id='word_1_297' title='bbox 491 4176 653 4252; x_wconf 83' lang='lat' dir='ltr'>indulgetur</span> <span class='ocrx_word' id='word_1_298' title='bbox 663 4181 807 4238; x_wconf 84' lang='lat' dir='ltr'>celebrare</span> <span class='ocrx_word' id='word_1_299' title='bbox 820 4196 885 4238; x_wconf 90' lang='lat' dir='ltr'>cuni</span> 
     </span>
     <span class='ocr_line' id='line_1_42' title="bbox 86 4247 886 4324; baseline 0.008 -20"><span class='ocrx_word' id='word_1_300' title='bbox 86 4247 172 4306; x_wconf 85' lang='lat' dir='ltr'>elteri</span> <span class='ocrx_word' id='word_1_301' title='bbox 198 4247 320 4318; x_wconf 83' lang='lat' dir='ltr'>viatieo;</span> <span class='ocrx_word' id='word_1_302' title='bbox 346 4261 381 4303; x_wconf 88' lang='lat' dir='ltr'>ex</span> <span class='ocrx_word' id='word_1_303' title='bbox 403 4261 459 4320; x_wconf 82' lang='lat' dir='ltr'>quo</span> <span class='ocrx_word' id='word_1_304' title='bbox 481 4254 559 4321; x_wconf 85' lang='lat' dir='ltr'>patet</span> <span class='ocrx_word' id='word_1_305' title='bbox 580 4250 748 4324; x_wconf 85' lang='lat' dir='ltr'>Gregoriuin</span> <span class='ocrx_word' id='word_1_306' title='bbox 772 4251 812 4310; x_wconf 88' lang='lat' dir='ltr'>lli</span> <span class='ocrx_word' id='word_1_307' title='bbox 831 4251 886 4310; x_wconf 91' lang='lat' dir='ltr'>boc</span> 
     </span>
    </p>

    <p class='ocr_par' dir='ltr' id='par_1_13' title="bbox 81 4315 886 5309">
     <span class='ocr_line' id='line_1_43' title="bbox 106 4315 883 4391; baseline 0.009 -17"><span class='ocrx_word' id='word_1_308' title='bbox 106 4318 274 4391; x_wconf 81' lang='lat' dir='ltr'>rivileginni</span> <span class='ocrx_word' id='word_1_309' title='bbox 290 4315 452 4376; x_wconf 86' lang='lat' dir='ltr'>extendisse</span> <span class='ocrx_word' id='word_1_310' title='bbox 467 4317 503 4376; x_wconf 89' lang='lat' dir='ltr'>ad</span> <span class='ocrx_word' id='word_1_311' title='bbox 530 4321 642 4378; x_wconf 78' lang='lat' dir='ltr'>Fratres</span> <span class='ocrx_word' id='word_1_312' title='bbox 671 4321 883 4381; x_wconf 86' lang='lat' dir='ltr'>Praedicatores.</span> 
     </span>
     <span class='ocr_line' id='line_1_44' title="bbox 85 4335 882 4464; baseline 0.006 -17"><span class='ocrx_word' id='word_1_313' title='bbox 85 4335 235 4448; x_wconf 55' lang='lat' dir='ltr'>Xiaticuni</span> <span class='ocrx_word' id='word_1_314' title='bbox 251 4387 320 4446; x_wconf 91' lang='lat' dir='ltr'>illud</span> <span class='ocrx_word' id='word_1_315' title='bbox 335 4389 434 4458; x_wconf 87' lang='lat' dir='ltr'>altare,</span> <span class='ocrx_word' id='word_1_316' title='bbox 452 4390 540 4464; x_wconf 87' lang='lat' dir='ltr'>vulgo</span> <span class='ocrx_word' id='word_1_317' title='bbox 559 4391 690 4464; x_wconf 85' lang='lat' dir='ltr'>portatile</span> <span class='ocrx_word' id='word_1_318' title='bbox 710 4391 822 4464; x_wconf 85' lang='lat' dir='ltr'>dieitur,</span> <span class='ocrx_word' id='word_1_319' title='bbox 834 4391 882 4451; x_wconf 92' lang='lat' dir='ltr'>de·</span> 
     </span>
     <span class='ocr_line' id='line_1_45' title="bbox 85 4458 883 4542; baseline 0.006 -24"><span class='ocrx_word' id='word_1_320' title='bbox 85 4461 156 4518; x_wconf 83' lang='lat' dir='ltr'>terri</span> <span class='ocrx_word' id='word_1_321' title='bbox 178 4458 548 4542; x_wconf 28' lang='lat' dir='ltr'>solitumnquandocumque</span> <span class='ocrx_word' id='word_1_322' title='bbox 569 4477 626 4520; x_wconf 93' lang='lat' dir='ltr'>non</span> <span class='ocrx_word' id='word_1_323' title='bbox 641 4469 718 4522; x_wconf 89' lang='lat' dir='ltr'>esset</span> <span class='ocrx_word' id='word_1_324' title='bbox 732 4465 813 4538; x_wconf 89' lang='lat' dir='ltr'>eopia</span> <span class='ocrx_word' id='word_1_325' title='bbox 836 4479 883 4523; x_wconf 90' lang='lat' dir='ltr'>ec·</span> 
     </span>
     <span class='ocr_line' id='line_1_46' title="bbox 83 4531 883 4604; baseline 0.003 -14"><span class='ocrx_word' id='word_1_326' title='bbox 83 4532 254 4590; x_wconf 84' lang='lat' dir='ltr'>etesiarum.</span> <span class='ocrx_word' id='word_1_327' title='bbox 268 4531 376 4588; x_wconf 83' lang='lat' dir='ltr'>Dicitur</span> <span class='ocrx_word' id='word_1_328' title='bbox 400 4537 431 4587; x_wconf 87' lang='lat' dir='ltr'>et</span> <span class='ocrx_word' id='word_1_329' title='bbox 452 4533 560 4604; x_wconf 89' lang='lat' dir='ltr'>capelle</span> <span class='ocrx_word' id='word_1_330' title='bbox 594 4534 724 4604; x_wconf 86' lang='lat' dir='ltr'>ortatilis,</span> <span class='ocrx_word' id='word_1_331' title='bbox 749 4543 778 4594; x_wconf 91' lang='lat' dir='ltr'>et</span> <span class='ocrx_word' id='word_1_332' title='bbox 791 4543 883 4593; x_wconf 89' lang='lat' dir='ltr'>moto·</span> 
     </span>
     <span class='ocr_line' id='line_1_47' title="bbox 84 4548 885 4730; baseline 0.005 -70"><span class='ocrx_word' id='word_1_333' title='bbox 84 4605 163 4660; x_wconf 85' lang='lat' dir='ltr'>rium</span> <span class='ocrx_word' id='word_1_334' title='bbox 190 4601 337 4684; x_wconf 78' lang='lat' dir='ltr'>tempium,</span> <span class='ocrx_word' id='word_1_335' title='bbox 358 4615 414 4673; x_wconf 83' lang='lat' dir='ltr'>quo</span> <span class='ocrx_word' id='word_1_336' title='bbox 423 4602 552 4730; x_wconf 46' lang='lat' dir='ltr'>gilonem</span> <span class='ocrx_word' id='word_1_337' title='bbox 571 4548 787 4664; x_wconf 54' lang='lat' dir='ltr'>densissimum</span> <span class='ocrx_word' id='word_1_338' title='bbox 801 4622 885 4666; x_wconf 90' lang='lat' dir='ltr'>usum</span> 
     </span>
     <span class='ocr_line' id='line_1_48' title="bbox 84 4669 884 4751; baseline 0.005 -21"><span class='ocrx_word' id='word_1_339' title='bbox 84 4673 181 4732; x_wconf 85' lang='lat' dir='ltr'>inisse</span> <span class='ocrx_word' id='word_1_340' title='bbox 209 4686 238 4729; x_wconf 91' lang='lat' dir='ltr'>in</span> <span class='ocrx_word' id='word_1_341' title='bbox 270 4669 351 4728; x_wconf 90' lang='lat' dir='ltr'>bellis</span> <span class='ocrx_word' id='word_1_342' title='bbox 376 4685 421 4728; x_wconf 90' lang='lat' dir='ltr'>ser</span> <span class='ocrx_word' id='word_1_343' title='bbox 452 4679 473 4730; x_wconf 88' lang='lat' dir='ltr'>it</span> <span class='ocrx_word' id='word_1_344' title='bbox 503 4673 635 4734; x_wconf 88' lang='lat' dir='ltr'>Socrates</span> <span class='ocrx_word' id='word_1_345' title='bbox 653 4673 701 4734; x_wconf 93' lang='lat' dir='ltr'>lib.</span> <span class='ocrx_word' id='word_1_346' title='bbox 719 4679 817 4751; x_wconf 87' lang='lat' dir='ltr'>l,cap.</span> <span class='ocrx_word' id='word_1_347' title='bbox 835 4677 884 4736; x_wconf 81' lang='lat' dir='ltr'>it:</span> 
     </span>
     <span class='ocr_line' id='line_1_49' title="bbox 83 4739 886 4809; baseline 0.005 -13"><span class='ocrx_word' id='word_1_348' title='bbox 83 4743 280 4800; x_wconf 69' lang='grc' dir='ltr'>κατασκευάσας</span> <span class='ocrx_word' id='word_1_349' title='bbox 314 4743 407 4803; x_wconf 72' lang='grc' dir='ltr'><strong>σκηνὴν</strong></span> <span class='ocrx_word' id='word_1_350' title='bbox 435 4745 464 4794; x_wconf 72' lang='grc' dir='ltr'>ἐκ</span> <span class='ocrx_word' id='word_1_351' title='bbox 497 4745 608 4808; x_wconf 76' lang='grc' dir='ltr'>ποικίλης</span> <span class='ocrx_word' id='word_1_352' title='bbox 640 4739 726 4808; x_wconf 70' lang='lat' dir='ltr'>diesne</span> <span class='ocrx_word' id='word_1_353' title='bbox 754 4749 886 4809; x_wconf 71' lang='grc' dir='ltr'><strong>ἐκκλησίας</strong></span> 
     </span>
     <span class='ocr_line' id='line_1_50' title="bbox 81 4810 884 4890; baseline 0.012 -24"><span class='ocrx_word' id='word_1_354' title='bbox 81 4817 168 4867; x_wconf 69' lang='grc' dir='ltr'>τύπον</span> <span class='ocrx_word' id='word_1_355' title='bbox 184 4813 363 4871; x_wconf 64' lang='lat' dir='ltr'>teoracensi.</span> <span class='ocrx_word' id='word_1_356' title='bbox 376 4810 404 4868; x_wconf 84' lang='lat' dir='ltr'>iil</span> <span class='ocrx_word' id='word_1_357' title='bbox 423 4819 477 4881; x_wconf 86' lang='lat' dir='ltr'>est,</span> <span class='ocrx_word' id='word_1_358' title='bbox 490 4814 703 4873; x_wconf 73' lang='lat' dir='ltr'>tobei-naculum</span> <span class='ocrx_word' id='word_1_359' title='bbox 724 4831 760 4874; x_wconf 78' lang='lat' dir='ltr'>ee</span> <span class='ocrx_word' id='word_1_360' title='bbox 778 4833 884 4890; x_wconf 82' lang='lat' dir='ltr'>penno,</span> 
     </span>
     <span class='ocr_line' id='line_1_51' title="bbox 83 4883 885 4959; baseline 0.005 -17"><span class='ocrx_word' id='word_1_361' title='bbox 83 4902 137 4942; x_wconf 83' lang='lat' dir='ltr'>eeu</span> <span class='ocrx_word' id='word_1_362' title='bbox 154 4883 267 4941; x_wconf 81' lang='lat' dir='ltr'>linteolo</span> <span class='ocrx_word' id='word_1_363' title='bbox 277 4883 356 4940; x_wconf 78' lang='lat' dir='ltr'>oeric</span> <span class='ocrx_word' id='word_1_364' title='bbox 374 4887 430 4951; x_wconf 87' lang='lat' dir='ltr'>eto,</span> <span class='ocrx_word' id='word_1_365' title='bbox 446 4885 519 4956; x_wconf 80' lang='lat' dir='ltr'>quod</span> <span class='ocrx_word' id='word_1_366' title='bbox 527 4886 646 4944; x_wconf 72' lang='lat' dir='ltr'>cocheio</span> <span class='ocrx_word' id='word_1_367' title='bbox 659 4889 784 4959; x_wconf 75' lang='grc' dir='ltr'>[υιιιιαιιι</span> <span class='ocrx_word' id='word_1_368' title='bbox 793 4889 885 4958; x_wconf 78' lang='lat' dir='ltr'>capri</span> 
     </span>
     <span class='ocr_line' id='line_1_52' title="bbox 82 4897 883 5040; baseline 0.006 -28"><span class='ocrx_word' id='word_1_369' title='bbox 82 4959 188 5012; x_wconf 67' lang='lat' dir='ltr'>mern.</span> <span class='ocrx_word' id='word_1_370' title='bbox 205 4955 256 5012; x_wconf 87' lang='lat' dir='ltr'>llis</span> <span class='ocrx_word' id='word_1_371' title='bbox 271 4897 406 5011; x_wconf 60' lang='lat' dir='ltr'>altaiigus</span> <span class='ocrx_word' id='word_1_372' title='bbox 425 4953 556 5013; x_wconf 87' lang='lat' dir='ltr'>solebant</span> <span class='ocrx_word' id='word_1_373' title='bbox 574 4958 680 5040; x_wconf 81' lang='lat' dir='ltr'>apponi</span> <span class='ocrx_word' id='word_1_374' title='bbox 703 4959 883 5028; x_wconf 88' lang='lat' dir='ltr'>antimeneia,</span> 
     </span>
     <span class='ocr_line' id='line_1_53' title="bbox 84 5028 884 5102; baseline 0.005 -18"><span class='ocrx_word' id='word_1_375' title='bbox 84 5041 167 5100; x_wconf 79' lang='lat' dir='ltr'>quae,</span> <span class='ocrx_word' id='word_1_376' title='bbox 180 5031 212 5083; x_wconf 91' lang='lat' dir='ltr'>ut</span> <span class='ocrx_word' id='word_1_377' title='bbox 225 5031 321 5083; x_wconf 92' lang='lat' dir='ltr'>notum</span> <span class='ocrx_word' id='word_1_378' title='bbox 340 5031 394 5093; x_wconf 88' lang='lat' dir='ltr'>est,</span> <span class='ocrx_word' id='word_1_379' title='bbox 410 5033 492 5082; x_wconf 86' lang='lat' dir='ltr'>erant</span> <span class='ocrx_word' id='word_1_380' title='bbox 512 5035 691 5098; x_wconf 87' lang='lat' dir='ltr'>operimenta</span> <span class='ocrx_word' id='word_1_381' title='bbox 708 5028 839 5102; x_wconf 89' lang='lat' dir='ltr'>imposita</span> <span class='ocrx_word' id='word_1_382' title='bbox 855 5031 884 5088; x_wconf 91' lang='lat' dir='ltr'>iii</span> 
     </span>
     <span class='ocr_line' id='line_1_54' title="bbox 83 5094 883 5184; baseline 0.003 -28"><span class='ocrx_word' id='word_1_383' title='bbox 83 5095 306 5156; x_wconf 87' lang='lat' dir='ltr'>consecratione</span> <span class='ocrx_word' id='word_1_384' title='bbox 317 5094 458 5163; x_wconf 87' lang='lat' dir='ltr'>altarium,</span> <span class='ocrx_word' id='word_1_385' title='bbox 473 5107 536 5168; x_wconf 82' lang='lat' dir='ltr'>que</span> <span class='ocrx_word' id='word_1_386' title='bbox 548 5105 645 5171; x_wconf 91' lang='lat' dir='ltr'>postea</span> <span class='ocrx_word' id='word_1_387' title='bbox 658 5099 685 5155; x_wconf 92' lang='lat' dir='ltr'>in</span> <span class='ocrx_word' id='word_1_388' title='bbox 699 5108 796 5184; x_wconf 87' lang='lat' dir='ltr'>partes</span> <span class='ocrx_word' id='word_1_389' title='bbox 811 5100 883 5158; x_wconf 90' lang='lat' dir='ltr'>divi·</span> 
     </span>
     <span class='ocr_line' id='line_1_55' title="bbox 84 5165 886 5243; baseline 0.004 -17"><span class='ocrx_word' id='word_1_390' title='bbox 84 5169 242 5236; x_wconf 85' lang='lat' dir='ltr'>debentur,</span> <span class='ocrx_word' id='word_1_391' title='bbox 264 5173 296 5224; x_wconf 91' lang='lat' dir='ltr'>ut</span> <span class='ocrx_word' id='word_1_392' title='bbox 317 5179 353 5224; x_wconf 86' lang='lat' dir='ltr'>ex</span> <span class='ocrx_word' id='word_1_393' title='bbox 372 5165 418 5222; x_wconf 92' lang='lat' dir='ltr'>bis</span> <span class='ocrx_word' id='word_1_394' title='bbox 439 5173 548 5238; x_wconf 86' lang='lat' dir='ltr'>partem</span> <span class='ocrx_word' id='word_1_395' title='bbox 566 5169 691 5243; x_wconf 87' lang='lat' dir='ltr'>aliquam</span> <span class='ocrx_word' id='word_1_396' title='bbox 707 5179 886 5243; x_wconf 81' lang='lat' dir='ltr'>imponerent</span> 
     </span>
     <span class='ocr_line' id='line_1_56' title="bbox 84 5236 885 5309; baseline 0.004 -12"><span class='ocrx_word' id='word_1_397' title='bbox 84 5236 229 5297; x_wconf 86' lang='lat' dir='ltr'>altaribus</span> <span class='ocrx_word' id='word_1_398' title='bbox 249 5236 369 5306; x_wconf 89' lang='lat' dir='ltr'>viaticis,</span> <span class='ocrx_word' id='word_1_399' title='bbox 399 5236 538 5309; x_wconf 83' lang='lat' dir='ltr'>sineque</span> <span class='ocrx_word' id='word_1_400' title='bbox 565 5255 622 5296; x_wconf 93' lang='lat' dir='ltr'>non</span> <span class='ocrx_word' id='word_1_401' title='bbox 646 5240 750 5299; x_wconf 88' lang='lat' dir='ltr'>licebat</span> <span class='ocrx_word' id='word_1_402' title='bbox 766 5241 885 5300; x_wconf 86' lang='lat' dir='ltr'>missam</span> 
     </span>
    </p>
   </div>
   <div class='ocr_carea' id='block_1_13' title="bbox 82 5307 896 5386">
    <p class='ocr_par' dir='ltr' id='par_1_14' title="bbox 82 5307 896 5386">
     <span class='ocr_line' id='line_1_57' title="bbox 82 5307 896 5386; baseline 0.002 -16"><span class='ocrx_word' id='word_1_403' title='bbox 82 5310 236 5369; x_wconf 87' lang='lat' dir='ltr'>celebrare</span> <span class='ocrx_word' id='word_1_404' title='bbox 249 5309 278 5364; x_wconf 93' lang='lat' dir='ltr'>ln</span> <span class='ocrx_word' id='word_1_405' title='bbox 291 5307 399 5364; x_wconf 88' lang='lat' dir='ltr'>mensis</span> <span class='ocrx_word' id='word_1_406' title='bbox 411 5321 468 5366; x_wconf 92' lang='grc' dir='ltr'>ιιοιι</span> <span class='ocrx_word' id='word_1_407' title='bbox 478 5311 663 5382; x_wconf 86' lang='lat' dir='ltr'>consecratis,</span> <span class='ocrx_word' id='word_1_408' title='bbox 680 5311 801 5384; x_wconf 85' lang='lat' dir='ltr'>ideoque</span> <span class='ocrx_word' id='word_1_409' title='bbox 809 5313 896 5386; x_wconf 85' lang='lat' dir='ltr'>quod.</span> 
     </span>
    </p>
   </div>
   <div class='ocr_carea' id='block_1_14' title="bbox 81 5377 886 5811">
    <p class='ocr_par' dir='ltr' id='par_1_15' title="bbox 81 5377 886 5811">
     <span class='ocr_line' id='line_1_58' title="bbox 83 5377 883 5456; baseline 0.001 -16"><span class='ocrx_word' id='word_1_410' title='bbox 83 5382 190 5440; x_wconf 85' lang='lat' dir='ltr'>deerat</span> <span class='ocrx_word' id='word_1_411' title='bbox 200 5379 243 5436; x_wconf 86' lang='lat' dir='ltr'>liis</span> <span class='ocrx_word' id='word_1_412' title='bbox 254 5377 389 5436; x_wconf 89' lang='lat' dir='ltr'>altaribus</span> <span class='ocrx_word' id='word_1_413' title='bbox 402 5391 452 5450; x_wconf 89' lang='lat' dir='ltr'>pei</span> <span class='ocrx_word' id='word_1_414' title='bbox 464 5380 675 5450; x_wconf 79' lang='lat' dir='ltr'>Antimeiisinm</span> <span class='ocrx_word' id='word_1_415' title='bbox 690 5383 883 5456; x_wconf 89' lang='lat' dir='ltr'>supplebatur,</span> 
     </span>
     <span class='ocr_line' id='line_1_59' title="bbox 83 5449 882 5526; baseline 0.004 -16"><span class='ocrx_word' id='word_1_416' title='bbox 83 5460 116 5510; x_wconf 90' lang='lat' dir='ltr'>ut</span> <span class='ocrx_word' id='word_1_417' title='bbox 131 5449 288 5524; x_wconf 88' lang='lat' dir='ltr'>respondet</span> <span class='ocrx_word' id='word_1_418' title='bbox 305 5452 442 5521; x_wconf 87' lang='lat' dir='ltr'>loannes,</span> <span class='ocrx_word' id='word_1_419' title='bbox 458 5451 525 5510; x_wconf 86' lang='lat' dir='ltr'>Citii</span> <span class='ocrx_word' id='word_1_420' title='bbox 549 5454 710 5526; x_wconf 88' lang='lat' dir='ltr'>episeopus,</span> <span class='ocrx_word' id='word_1_421' title='bbox 735 5455 771 5512; x_wconf 90' lang='lat' dir='ltr'>ad</span> <span class='ocrx_word' id='word_1_422' title='bbox 795 5456 882 5515; x_wconf 90' lang='lat' dir='ltr'>Cons-</span> 
     </span>
     <span class='ocr_line' id='line_1_60' title="bbox 83 5519 886 5594; baseline -0.005 -12"><span class='ocrx_word' id='word_1_423' title='bbox 83 5523 232 5582; x_wconf 90' lang='lat' dir='ltr'>tantinum</span> <span class='ocrx_word' id='word_1_424' title='bbox 248 5519 419 5588; x_wconf 83' lang='lat' dir='ltr'>Cahosilam,</span> <span class='ocrx_word' id='word_1_425' title='bbox 434 5523 463 5574; x_wconf 78' lang='grc' dir='ltr'>τὸ</span> <span class='ocrx_word' id='word_1_426' title='bbox 475 5523 587 5576; x_wconf 73' lang='grc' dir='ltr'>ιιιιιπον</span> <span class='ocrx_word' id='word_1_427' title='bbox 606 5526 696 5577; x_wconf 67' lang='lat' dir='ltr'>eteros</span> <span class='ocrx_word' id='word_1_428' title='bbox 716 5526 855 5594; x_wconf 69' lang='grc' dir='ltr'><strong>ἀναπληροῖ</strong></span> <span class='ocrx_word' id='word_1_429' title='bbox 870 5520 886 5590; x_wconf 79' lang='grc' dir='ltr'>ἡ</span> 
     </span>
     <span class='ocr_line' id='line_1_61' title="bbox 82 5593 885 5668; baseline -0.012 -14"><span class='ocrx_word' id='word_1_430' title='bbox 82 5607 221 5668; x_wconf 61' lang='lat' dir='ltr'>&amp;praestan</span> <span class='ocrx_word' id='word_1_431' title='bbox 232 5605 276 5651; x_wconf 80' lang='grc' dir='ltr'>τοῦ</span> <span class='ocrx_word' id='word_1_432' title='bbox 289 5599 447 5664; x_wconf 81' lang='grc' dir='ltr'>ἁντιμήνσιοιι</span> <span class='ocrx_word' id='word_1_433' title='bbox 457 5595 565 5658; x_wconf 79' lang='grc' dir='ltr'>δύναμις,</span> <span class='ocrx_word' id='word_1_434' title='bbox 577 5593 604 5652; x_wconf 85' lang='lat' dir='ltr'>id</span> <span class='ocrx_word' id='word_1_435' title='bbox 616 5601 669 5664; x_wconf 73' lang='lat' dir='ltr'>est,</span> <span class='ocrx_word' id='word_1_436' title='bbox 683 5596 756 5666; x_wconf 78' lang='lat' dir='ltr'>quod</span> <span class='ocrx_word' id='word_1_437' title='bbox 769 5597 795 5652; x_wconf 75' lang='lat' dir='ltr'>ei</span> <span class='ocrx_word' id='word_1_438' title='bbox 813 5597 885 5654; x_wconf 76' lang='lat' dir='ltr'>deest</span> 
     </span>
     <span class='ocr_line' id='line_1_62' title="bbox 82 5665 886 5743; baseline -0.004 -15"><span class='ocrx_word' id='word_1_439' title='bbox 82 5669 311 5743; x_wconf 68' lang='lat' dir='ltr'>errnetitteotoria</span> <span class='ocrx_word' id='word_1_440' title='bbox 333 5665 495 5726; x_wconf 84' lang='lat' dir='ltr'>entinieiieii</span> <span class='ocrx_word' id='word_1_441' title='bbox 523 5665 566 5721; x_wconf 85' lang='lat' dir='ltr'>oie</span> <span class='ocrx_word' id='word_1_442' title='bbox 598 5665 704 5736; x_wconf 83' lang='lat' dir='ltr'>impiet.</span> <span class='ocrx_word' id='word_1_443' title='bbox 734 5667 795 5724; x_wconf 91' lang='lat' dir='ltr'>lloc</span> <span class='ocrx_word' id='word_1_444' title='bbox 823 5667 886 5725; x_wconf 90' lang='lat' dir='ltr'>loco</span> 
     </span>
     <span class='ocr_line' id='line_1_63' title="bbox 81 5735 886 5811; baseline -0.007 -9"><span class='ocrx_word' id='word_1_445' title='bbox 81 5745 181 5803; x_wconf 86' lang='lat' dir='ltr'>altare</span> <span class='ocrx_word' id='word_1_446' title='bbox 192 5738 325 5800; x_wconf 86' lang='lat' dir='ltr'>viaticum</span> <span class='ocrx_word' id='word_1_447' title='bbox 339 5753 396 5798; x_wconf 91' lang='lat' dir='ltr'>non</span> <span class='ocrx_word' id='word_1_448' title='bbox 411 5737 533 5796; x_wconf 83' lang='lat' dir='ltr'>sumitur</span> <span class='ocrx_word' id='word_1_449' title='bbox 547 5749 599 5808; x_wconf 91' lang='lat' dir='ltr'>pio</span> <span class='ocrx_word' id='word_1_450' title='bbox 619 5735 811 5810; x_wconf 88' lang='lat' dir='ltr'>tabernaculo,</span> <span class='ocrx_word' id='word_1_451' title='bbox 829 5751 886 5811; x_wconf 81' lang='lat' dir='ltr'>quo</span> 
     </span>
    </p>
   </div>
   <div class='ocr_carea' id='block_1_15' title="bbox 241 5913 495 5969">
    <p class='ocr_par' dir='ltr' id='par_1_16' title="bbox 241 5913 495 5969">
     <span class='ocr_line' id='line_1_64' title="bbox 241 5913 495 5969; baseline 0.004 -3"><span class='ocrx_word' id='word_1_452' title='bbox 241 5923 357 5968; x_wconf 76' lang='lat' dir='ltr'>rarior.</span> <span class='ocrx_word' id='word_1_453' title='bbox 378 5925 452 5969; x_wconf 82' lang='lat' dir='ltr'>roien</span> <span class='ocrx_word' id='word_1_454' title='bbox 472 5913 495 5968; x_wconf 93' lang='lat' dir='ltr'>l.</span> 
     </span>
    </p>
   </div>
   <div class='ocr_carea' id='block_1_16' title="bbox 1156 1785 1526 1874">
    <p class='ocr_par' dir='ltr' id='par_1_17' title="bbox 1156 1785 1526 1874">
     <span class='ocr_line' id='line_1_65' title="bbox 1156 1785 1526 1874; baseline 0.003 -2"><span class='ocrx_word' id='word_1_455' title='bbox 1156 1785 1368 1874; x_wconf 84' lang='lat' dir='ltr'>TITULUS</span> <span class='ocrx_word' id='word_1_456' title='bbox 1400 1787 1526 1873; x_wconf 87' lang='lat' dir='ltr'>XXVI</span> 
     </span>
    </p>
   </div>
   <div class='ocr_carea' id='block_1_17' title="bbox 964 1956 1716 2188">
    <p class='ocr_par' dir='ltr' id='par_1_18' title="bbox 964 1956 1716 2188">
     <span class='ocr_line' id='line_1_66' title="bbox 1015 1956 1655 2037; baseline 0 -19"><span class='ocrx_word' id='word_1_457' title='bbox 1015 1971 1058 2018; x_wconf 86' lang='lat' dir='ltr'>nn</span> <span class='ocrx_word' id='word_1_458' title='bbox 1077 1971 1247 2030; x_wconf 79' lang='lat' dir='ltr'>carisione,</span> <span class='ocrx_word' id='word_1_459' title='bbox 1271 1973 1314 2019; x_wconf 84' lang='lat' dir='ltr'>ar</span> <span class='ocrx_word' id='word_1_460' title='bbox 1335 1971 1582 2020; x_wconf 79' lang='lat' dir='ltr'>nxaerioiiiens</span> <span class='ocrx_word' id='word_1_461' title='bbox 1597 1956 1655 2037; x_wconf 84' lang='lat' dir='ltr'>(l).</span> 
     </span>
     <span class='ocr_line' id='line_1_67' title="bbox 964 2073 1716 2188; baseline -0.001 -19"><span class='ocrx_word' id='word_1_462' title='bbox 964 2111 1014 2170; x_wconf 83' lang='lat' dir='ltr'>De</span> <span class='ocrx_word' id='word_1_463' title='bbox 1037 2109 1127 2180; x_wconf 81' lang='lat' dir='ltr'>ltro,</span> <span class='ocrx_word' id='word_1_464' title='bbox 1150 2107 1184 2169; x_wconf 89' lang='lat' dir='ltr'>et</span> <span class='ocrx_word' id='word_1_465' title='bbox 1206 2109 1248 2170; x_wconf 84' lang='lat' dir='ltr'>de</span> <span class='ocrx_word' id='word_1_466' title='bbox 1266 2073 1432 2184; x_wconf 80' lang='lat' dir='ltr'>¹Joseipliot</span> <span class='ocrx_word' id='word_1_467' title='bbox 1453 2107 1638 2172; x_wconf 78' lang='lat' dir='ltr'>abbatibus.</span> <span class='ocrx_word' id='word_1_468' title='bbox 1668 2107 1716 2188; x_wconf 86' lang='grc' dir='ltr'>(ιι)</span> 
     </span>
    </p>
   </div>
   <div class='ocr_carea' id='block_1_18' title="bbox 1250 2313 1425 2375">
    <p class='ocr_par' dir='ltr' id='par_1_19' title="bbox 1250 2313 1425 2375">
     <span class='ocr_line' id='line_1_68' title="bbox 1250 2313 1425 2375; baseline -0.006 -1"><span class='ocrx_word' id='word_1_469' title='bbox 1250 2313 1387 2375; x_wconf 82' lang='lat' dir='ltr'>CAPUT</span> <span class='ocrx_word' id='word_1_470' title='bbox 1402 2315 1425 2374; x_wconf 87' lang='lat' dir='ltr'>l.</span> 
     </span>
    </p>
   </div>
   <div class='ocr_carea' id='block_1_19' title="bbox 943 2461 1738 2931">
    <p class='ocr_par' dir='ltr' id='par_1_20' title="bbox 943 2461 1738 2931">
     <span class='ocr_line' id='line_1_69' title="bbox 984 2461 1738 2543; baseline 0.003 -19"><span class='ocrx_word' id='word_1_471' title='bbox 984 2461 1175 2524; x_wconf 85' lang='lat' dir='ltr'>Venerabili</span> <span class='ocrx_word' id='word_1_472' title='bbox 1189 2462 1292 2526; x_wconf 81' lang='lat' dir='ltr'>fratre</span> <span class='ocrx_word' id='word_1_473' title='bbox 1305 2463 1418 2526; x_wconf 89' lang='lat' dir='ltr'>nostro</span> <span class='ocrx_word' id='word_1_474' title='bbox 1434 2462 1479 2543; x_wconf 82' lang='lat' dir='ltr'>(c)</span> <span class='ocrx_word' id='word_1_475' title='bbox 1498 2466 1738 2527; x_wconf 81' lang='lat' dir='ltr'>cenomanensi</span> 
     </span>
     <span class='ocr_line' id='line_1_70' title="bbox 944 2560 1738 2639; baseline 0.003 -18"><span class='ocrx_word' id='word_1_476' title='bbox 944 2560 1099 2638; x_wconf 88' lang='lat' dir='ltr'>episcopo</span> <span class='ocrx_word' id='word_1_477' title='bbox 1113 2560 1302 2638; x_wconf 87' lang='lat' dir='ltr'>accepimus</span> <span class='ocrx_word' id='word_1_478' title='bbox 1328 2561 1504 2632; x_wconf 81' lang='lat' dir='ltr'>celerante,</span> <span class='ocrx_word' id='word_1_479' title='bbox 1531 2562 1616 2638; x_wconf 85' lang='lat' dir='ltr'>quod</span> <span class='ocrx_word' id='word_1_480' title='bbox 1637 2579 1738 2639; x_wconf 89' lang='lat' dir='ltr'>qunni</span> 
     </span>
     <span class='ocr_line' id='line_1_71' title="bbox 944 2658 1737 2740; baseline 0.004 -21"><span class='ocrx_word' id='word_1_481' title='bbox 944 2672 1046 2719; x_wconf 90' lang='lat' dir='ltr'>caiisa</span> <span class='ocrx_word' id='word_1_482' title='bbox 1058 2673 1131 2734; x_wconf 84' lang='lat' dir='ltr'>quae</span> <span class='ocrx_word' id='word_1_483' title='bbox 1143 2658 1231 2719; x_wconf 88' lang='lat' dir='ltr'>inter</span> <span class='ocrx_word' id='word_1_484' title='bbox 1252 2659 1361 2735; x_wconf 90' lang='lat' dir='ltr'>ipsum</span> <span class='ocrx_word' id='word_1_485' title='bbox 1373 2674 1416 2719; x_wconf 81' lang='lat' dir='ltr'>ex</span> <span class='ocrx_word' id='word_1_486' title='bbox 1430 2660 1524 2736; x_wconf 89' lang='lat' dir='ltr'>parte</span> <span class='ocrx_word' id='word_1_487' title='bbox 1543 2675 1619 2731; x_wconf 89' lang='lat' dir='ltr'>una,</span> <span class='ocrx_word' id='word_1_488' title='bbox 1637 2661 1670 2722; x_wconf 92' lang='lat' dir='ltr'>et</span> <span class='ocrx_word' id='word_1_489' title='bbox 1687 2660 1737 2740; x_wconf 84' lang='lat' dir='ltr'>(d)</span> 
     </span>
     <span class='ocr_line' id='line_1_72' title="bbox 943 2755 1736 2830; baseline 0.003 -14"><span class='ocrx_word' id='word_1_490' title='bbox 943 2755 1095 2818; x_wconf 87' lang='lat' dir='ltr'>abbatem</span> <span class='ocrx_word' id='word_1_491' title='bbox 1105 2758 1139 2818; x_wconf 88' lang='lat' dir='ltr'>et</span> <span class='ocrx_word' id='word_1_492' title='bbox 1148 2755 1346 2818; x_wconf 85' lang='lat' dir='ltr'>conventum</span> <span class='ocrx_word' id='word_1_493' title='bbox 1357 2756 1397 2818; x_wconf 93' lang='lat' dir='ltr'>de</span> <span class='ocrx_word' id='word_1_494' title='bbox 1408 2755 1736 2830; x_wconf 87' lang='lat' dir='ltr'>Cultura,Cenomaii.</span> 
     </span>
     <span class='ocr_line' id='line_1_73' title="bbox 943 2853 1736 2931; baseline -0.001 -14"><span class='ocrx_word' id='word_1_495' title='bbox 943 2853 1107 2926; x_wconf 89' lang='lat' dir='ltr'>dioeoesis,</span> <span class='ocrx_word' id='word_1_496' title='bbox 1128 2869 1173 2916; x_wconf 85' lang='lat' dir='ltr'>ex</span> <span class='ocrx_word' id='word_1_497' title='bbox 1194 2853 1310 2926; x_wconf 91' lang='lat' dir='ltr'>altera,</span> <span class='ocrx_word' id='word_1_498' title='bbox 1325 2869 1425 2930; x_wconf 92' lang='lat' dir='ltr'>super</span> <span class='ocrx_word' id='word_1_499' title='bbox 1437 2854 1736 2931; x_wconf 69' lang='lat' dir='ltr'>procurationibus</span> 
     </span>
    </p>
   </div>
   <div class='ocr_carea' id='block_1_20' title="bbox 843 2951 1739 3031">
    <p class='ocr_par' dir='ltr' id='par_1_21' title="bbox 843 2951 1739 3031">
     <span class='ocr_line' id='line_1_74' title="bbox 843 2951 1739 3031; baseline 0.001 -17"><span class='ocrx_word' id='word_1_500' title='bbox 843 3027 844 3031; x_wconf 7' lang='grc' dir='ltr'><strong>Ἰ</strong></span> <span class='ocrx_word' id='word_1_501' title='bbox 943 2969 1025 3030; x_wconf 88' lang='lat' dir='ltr'>quas</span> <span class='ocrx_word' id='word_1_502' title='bbox 1038 2951 1079 3014; x_wconf 89' lang='lat' dir='ltr'>ab</span> <span class='ocrx_word' id='word_1_503' title='bbox 1089 2951 1139 3013; x_wconf 90' lang='lat' dir='ltr'>eis</span> <span class='ocrx_word' id='word_1_504' title='bbox 1151 2951 1232 3028; x_wconf 89' lang='lat' dir='ltr'>petit</span> <span class='ocrx_word' id='word_1_505' title='bbox 1246 2951 1333 3014; x_wconf 91' lang='lat' dir='ltr'>idem</span> <span class='ocrx_word' id='word_1_506' title='bbox 1353 2952 1526 3029; x_wconf 84' lang='lat' dir='ltr'>episcopus</span> <span class='ocrx_word' id='word_1_507' title='bbox 1545 2952 1613 3014; x_wconf 84' lang='lat' dir='ltr'>tarn</span> <span class='ocrx_word' id='word_1_508' title='bbox 1630 2953 1666 3015; x_wconf 92' lang='lat' dir='ltr'>in</span> <span class='ocrx_word' id='word_1_509' title='bbox 1681 2969 1739 3015; x_wconf 89' lang='lat' dir='ltr'>ca-</span> 
     </span>
    </p>
   </div>
   <div class='ocr_carea' id='block_1_21' title="bbox 943 3049 1737 3130">
    <p class='ocr_par' dir='ltr' id='par_1_22' title="bbox 943 3049 1737 3130">
     <span class='ocr_line' id='line_1_75' title="bbox 943 3049 1737 3130; baseline -0.005 -16"><span class='ocrx_word' id='word_1_510' title='bbox 943 3052 1022 3130; x_wconf 88' lang='lat' dir='ltr'>pite,</span> <span class='ocrx_word' id='word_1_511' title='bbox 1042 3065 1140 3128; x_wconf 87' lang='lat' dir='ltr'>quain</span> <span class='ocrx_word' id='word_1_512' title='bbox 1155 3050 1191 3112; x_wconf 91' lang='lat' dir='ltr'>in</span> <span class='ocrx_word' id='word_1_513' title='bbox 1212 3049 1368 3112; x_wconf 89' lang='lat' dir='ltr'>membris</span> <span class='ocrx_word' id='word_1_514' title='bbox 1383 3050 1531 3111; x_wconf 90' lang='lat' dir='ltr'>noscitur</span> <span class='ocrx_word' id='word_1_515' title='bbox 1547 3051 1681 3127; x_wconf 87' lang='lat' dir='ltr'>agitari,</span> <span class='ocrx_word' id='word_1_516' title='bbox 1697 3051 1737 3112; x_wconf 89' lang='lat' dir='ltr'>dc</span> 
     </span>
    </p>
   </div>
   <div class='ocr_carea' id='block_1_22' title="bbox 941 3155 1738 3526">
    <p class='ocr_par' dir='ltr' id='par_1_23' title="bbox 941 3155 1738 3526">
     <span class='ocr_line' id='line_1_76' title="bbox 943 3155 1737 3234; baseline 0.001 -15"><span class='ocrx_word' id='word_1_517' title='bbox 943 3173 1106 3219; x_wconf 91' lang='lat' dir='ltr'>consensu</span> <span class='ocrx_word' id='word_1_518' title='bbox 1119 3155 1262 3234; x_wconf 90' lang='lat' dir='ltr'>partium</span> <span class='ocrx_word' id='word_1_519' title='bbox 1277 3155 1370 3218; x_wconf 88' lang='lat' dir='ltr'>vobis</span> <span class='ocrx_word' id='word_1_520' title='bbox 1383 3155 1483 3219; x_wconf 87' lang='lat' dir='ltr'>luerit</span> <span class='ocrx_word' id='word_1_521' title='bbox 1498 3155 1539 3217; x_wconf 87' lang='lat' dir='ltr'>ab</span> <span class='ocrx_word' id='word_1_522' title='bbox 1549 3156 1737 3234; x_wconf 83' lang='lat' dir='ltr'>Apostolieu</span> 
     </span>
     <span class='ocr_line' id='line_1_77' title="bbox 943 3251 1738 3329; baseline -0.004 -10"><span class='ocrx_word' id='word_1_523' title='bbox 943 3256 1027 3320; x_wconf 88' lang='lat' dir='ltr'>Sede</span> <span class='ocrx_word' id='word_1_524' title='bbox 1040 3254 1233 3329; x_wconf 87' lang='lat' dir='ltr'>commissa;</span> <span class='ocrx_word' id='word_1_525' title='bbox 1247 3253 1327 3316; x_wconf 90' lang='lat' dir='ltr'>dieti</span> <span class='ocrx_word' id='word_1_526' title='bbox 1337 3251 1439 3316; x_wconf 88' lang='lat' dir='ltr'>abbas</span> <span class='ocrx_word' id='word_1_527' title='bbox 1450 3253 1483 3315; x_wconf 88' lang='lat' dir='ltr'>et</span> <span class='ocrx_word' id='word_1_528' title='bbox 1502 3257 1683 3316; x_wconf 86' lang='lat' dir='ltr'>conventus</span> <span class='ocrx_word' id='word_1_529' title='bbox 1695 3271 1738 3316; x_wconf 81' lang='lat' dir='ltr'>ex</span> 
     </span>
     <span class='ocr_line' id='line_1_78' title="bbox 941 3351 1737 3429; baseline -0.005 -13"><span class='ocrx_word' id='word_1_530' title='bbox 941 3368 981 3416; x_wconf 90' lang='lat' dir='ltr'>eo</span> <span class='ocrx_word' id='word_1_531' title='bbox 1003 3353 1159 3415; x_wconf 83' lang='lat' dir='ltr'>frustrari</span> <span class='ocrx_word' id='word_1_532' title='bbox 1181 3351 1399 3414; x_wconf 90' lang='lat' dir='ltr'>intentionem</span> <span class='ocrx_word' id='word_1_533' title='bbox 1419 3351 1566 3428; x_wconf 80' lang='lat' dir='ltr'>eJusdem</span> <span class='ocrx_word' id='word_1_534' title='bbox 1590 3353 1737 3429; x_wconf 90' lang='lat' dir='ltr'>episcopi</span> 
     </span>
     <span class='ocr_line' id='line_1_79' title="bbox 942 3447 1737 3526; baseline -0.005 -13"><span class='ocrx_word' id='word_1_535' title='bbox 942 3450 1133 3524; x_wconf 87' lang='lat' dir='ltr'>moliuntur,</span> <span class='ocrx_word' id='word_1_536' title='bbox 1167 3447 1252 3526; x_wconf 91' lang='lat' dir='ltr'>qnod</span> <span class='ocrx_word' id='word_1_537' title='bbox 1290 3463 1404 3510; x_wconf 91' lang='lat' dir='ltr'>eorum</span> <span class='ocrx_word' id='word_1_538' title='bbox 1439 3449 1676 3510; x_wconf 89' lang='lat' dir='ltr'>monasterium</span> <span class='ocrx_word' id='word_1_539' title='bbox 1702 3449 1737 3510; x_wconf 91' lang='lat' dir='ltr'>iii</span> 
     </span>
    </p>
   </div>
   <div class='ocr_carea' id='block_1_23' title="bbox 940 3588 1736 3864">
    <p class='ocr_par' dir='ltr' id='par_1_24' title="bbox 940 3588 1736 3864">
     <span class='ocr_line' id='line_1_80' title="bbox 941 3588 1735 3674; baseline -0.005 -24"><span class='ocrx_word' id='word_1_540' title='bbox 941 3598 1067 3651; x_wconf 87' lang='lat' dir='ltr'>nsusest</span> <span class='ocrx_word' id='word_1_541' title='bbox 1095 3591 1297 3652; x_wconf 78' lang='lat' dir='ltr'>consimilans</span> <span class='ocrx_word' id='word_1_542' title='bbox 1325 3589 1353 3647; x_wconf 92' lang='lat' dir='ltr'>in</span> <span class='ocrx_word' id='word_1_543' title='bbox 1374 3588 1495 3648; x_wconf 83' lang='lat' dir='ltr'>tonnam</span> <span class='ocrx_word' id='word_1_544' title='bbox 1517 3590 1614 3674; x_wconf 84' lang='lat' dir='ltr'>templi</span> <span class='ocrx_word' id='word_1_545' title='bbox 1629 3599 1735 3658; x_wconf 88' lang='lat' dir='ltr'>erecto,</span> 
     </span>
     <span class='ocr_line' id='line_1_81' title="bbox 941 3660 1736 3790; baseline -0.006 -69"><span class='ocrx_word' id='word_1_546' title='bbox 941 3663 993 3722; x_wconf 89' lang='lat' dir='ltr'>sed</span> <span class='ocrx_word' id='word_1_547' title='bbox 1007 3671 1116 3721; x_wconf 88' lang='lat' dir='ltr'>tantuin</span> <span class='ocrx_word' id='word_1_548' title='bbox 1132 3678 1183 3737; x_wconf 89' lang='lat' dir='ltr'>pio</span> <span class='ocrx_word' id='word_1_549' title='bbox 1193 3661 1287 3736; x_wconf 89' lang='lat' dir='ltr'>lapide</span> <span class='ocrx_word' id='word_1_550' title='bbox 1301 3668 1479 3730; x_wconf 87' lang='lat' dir='ltr'>consecrato,</span> <span class='ocrx_word' id='word_1_551' title='bbox 1491 3660 1527 3717; x_wconf 91' lang='lat' dir='ltr'>ab</span> <span class='ocrx_word' id='word_1_552' title='bbox 1539 3675 1674 3790; x_wconf 49' lang='lat' dir='ltr'>episcopo</span> <span class='ocrx_word' id='word_1_553' title='bbox 1685 3676 1736 3718; x_wconf 88' lang='lat' dir='ltr'>scii</span> 
     </span>
     <span class='ocr_line' id='line_1_82' title="bbox 940 3733 1734 3808; baseline -0.005 -16"><span class='ocrx_word' id='word_1_554' title='bbox 940 3735 1035 3792; x_wconf 88' lang='lat' dir='ltr'>tabula</span> <span class='ocrx_word' id='word_1_555' title='bbox 1049 3733 1170 3808; x_wconf 90' lang='lat' dir='ltr'>lapidea,</span> <span class='ocrx_word' id='word_1_556' title='bbox 1180 3735 1247 3792; x_wconf 83' lang='lat' dir='ltr'>Can.</span> <span class='ocrx_word' id='word_1_557' title='bbox 1256 3733 1440 3800; x_wconf 71' lang='lat' dir='ltr'>eonoedimes,</span> <span class='ocrx_word' id='word_1_558' title='bbox 1449 3734 1621 3802; x_wconf 67' lang='lat' dir='ltr'>damnem,</span> <span class='ocrx_word' id='word_1_559' title='bbox 1653 3739 1697 3790; x_wconf 92' lang='lat' dir='ltr'>ist.</span> <span class='ocrx_word' id='word_1_560' title='bbox 1709 3735 1734 3800; x_wconf 92' lang='lat' dir='ltr'>l,</span> 
     </span>
     <span class='ocr_line' id='line_1_83' title="bbox 941 3805 1347 3864; baseline -0.01 0"><span class='ocrx_word' id='word_1_561' title='bbox 941 3805 1052 3864; x_wconf 90' lang='lat' dir='ltr'>sublato</span> <span class='ocrx_word' id='word_1_562' title='bbox 1067 3805 1269 3862; x_wconf 88' lang='lat' dir='ltr'>antimensium</span> <span class='ocrx_word' id='word_1_563' title='bbox 1284 3819 1347 3861; x_wconf 89' lang='lat' dir='ltr'>usu.</span> 
     </span>
    </p>
   </div>
   <div class='ocr_carea' id='block_1_24' title="bbox 941 3891 1735 4024">
    <p class='ocr_par' dir='ltr' id='par_1_25' title="bbox 941 3891 1735 4024">
     <span class='ocr_line' id='line_1_84' title="bbox 988 3891 1735 3965; baseline -0.001 -13"><span class='ocrx_word' id='word_1_564' title='bbox 988 3897 1002 3952; x_wconf 90' lang='lat' dir='ltr'>l</span> <span class='ocrx_word' id='word_1_565' title='bbox 1027 3895 1136 3954; x_wconf 77' lang='lat' dir='ltr'>(letitie</span> <span class='ocrx_word' id='word_1_566' title='bbox 1145 3893 1264 3951; x_wconf 86' lang='lat' dir='ltr'>n&#39;existe</span> <span class='ocrx_word' id='word_1_567' title='bbox 1272 3907 1324 3965; x_wconf 88' lang='lat' dir='ltr'>pas</span> <span class='ocrx_word' id='word_1_568' title='bbox 1332 3891 1404 3950; x_wconf 90' lang='lat' dir='ltr'>dans</span> <span class='ocrx_word' id='word_1_569' title='bbox 1416 3891 1442 3948; x_wconf 91' lang='lat' dir='ltr'>la</span> <span class='ocrx_word' id='word_1_570' title='bbox 1456 3892 1623 3964; x_wconf 79' lang='lat' dir='ltr'>compilatio</span> <span class='ocrx_word' id='word_1_571' title='bbox 1628 3893 1735 3964; x_wconf 75' lang='lat' dir='ltr'>primo.</span> 
     </span>
     <span class='ocr_line' id='line_1_85' title="bbox 941 3961 1733 4024; baseline -0.005 0"><span class='ocrx_word' id='word_1_572' title='bbox 941 3965 1018 4024; x_wconf 89' lang='lat' dir='ltr'>llest</span> <span class='ocrx_word' id='word_1_573' title='bbox 1037 3967 1063 4022; x_wconf 88' lang='lat' dir='ltr'>le</span> <span class='ocrx_word' id='word_1_574' title='bbox 1078 3965 1126 4024; x_wconf 70' lang='grc' dir='ltr'>35Θ</span> <span class='ocrx_word' id='word_1_575' title='bbox 1138 3963 1174 4022; x_wconf 90' lang='lat' dir='ltr'>de</span> <span class='ocrx_word' id='word_1_576' title='bbox 1184 3965 1211 4024; x_wconf 86' lang='lat' dir='ltr'>lii</span> <span class='ocrx_word' id='word_1_577' title='bbox 1221 3965 1307 4024; x_wconf 80' lang='lat' dir='ltr'>tertie</span> <span class='ocrx_word' id='word_1_578' title='bbox 1321 3971 1349 4022; x_wconf 91' lang='lat' dir='ltr'>et</span> <span class='ocrx_word' id='word_1_579' title='bbox 1363 3963 1389 4020; x_wconf 90' lang='lat' dir='ltr'>le</span> <span class='ocrx_word' id='word_1_580' title='bbox 1408 3961 1456 4022; x_wconf 78' lang='grc' dir='ltr'>39θ</span> <span class='ocrx_word' id='word_1_581' title='bbox 1471 3963 1522 4021; x_wconf 87' lang='lat' dir='ltr'>des</span> <span class='ocrx_word' id='word_1_582' title='bbox 1537 3963 1645 4022; x_wconf 70' lang='lat' dir='ltr'>Deerit.</span> <span class='ocrx_word' id='word_1_583' title='bbox 1666 3963 1733 4020; x_wconf 69' lang='grc' dir='ltr'>(ιι-ε’-</span> 
     </span>
    </p>
   </div>
   <div class='ocr_carea' id='block_1_25' title="bbox 939 4070 1736 4548">
    <p class='ocr_par' dir='ltr' id='par_1_26' title="bbox 939 4070 1736 4340">
     <span class='ocr_line' id='line_1_86' title="bbox 939 4070 1736 4255; baseline -0.005 -73"><span class='ocrx_word' id='word_1_584' title='bbox 939 4070 1219 4255; x_wconf 44' lang='grc' dir='ltr'>θοῖιιιῖῃιξῗιειῖἕαηιηιι.</span> <span class='ocrx_word' id='word_1_585' title='bbox 1243 4123 1379 4194; x_wconf 87' lang='lat' dir='ltr'>Corrupta</span> <span class='ocrx_word' id='word_1_586' title='bbox 1405 4129 1450 4181; x_wconf 88' lang='lat' dir='ltr'>est</span> <span class='ocrx_word' id='word_1_587' title='bbox 1477 4121 1635 4204; x_wconf 83' lang='lat' dir='ltr'>epigraphe</span> <span class='ocrx_word' id='word_1_588' title='bbox 1649 4120 1736 4194; x_wconf 87' lang='lat' dir='ltr'>liujiis</span> 
     </span>
     <span class='ocr_line' id='line_1_87' title="bbox 939 4191 1732 4274; baseline -0.005 -20"><span class='ocrx_word' id='word_1_589' title='bbox 939 4210 1003 4268; x_wconf 88' lang='lat' dir='ltr'>cap.</span> <span class='ocrx_word' id='word_1_590' title='bbox 1020 4195 1090 4254; x_wconf 91' lang='lat' dir='ltr'>inll</span> <span class='ocrx_word' id='word_1_591' title='bbox 1113 4196 1154 4265; x_wconf 89' lang='lat' dir='ltr'>S.;</span> <span class='ocrx_word' id='word_1_592' title='bbox 1167 4194 1305 4266; x_wconf 71' lang='lat' dir='ltr'>Processi</span> <span class='ocrx_word' id='word_1_593' title='bbox 1316 4193 1487 4274; x_wconf 83' lang='lat' dir='ltr'>invulgatis,</span> <span class='ocrx_word' id='word_1_594' title='bbox 1504 4200 1590 4250; x_wconf 89' lang='lat' dir='ltr'>recte.</span> <span class='ocrx_word' id='word_1_595' title='bbox 1602 4191 1674 4252; x_wconf 83' lang='lat' dir='ltr'>Vide</span> <span class='ocrx_word' id='word_1_596' title='bbox 1685 4208 1732 4250; x_wconf 86' lang='lat' dir='ltr'>sii-</span> 
     </span>
     <span class='ocr_line' id='line_1_88' title="bbox 939 4263 1591 4340; baseline -0.002 -18"><span class='ocrx_word' id='word_1_597' title='bbox 939 4280 990 4340; x_wconf 92' lang='lat' dir='ltr'>pra</span> <span class='ocrx_word' id='word_1_598' title='bbox 1005 4281 1038 4324; x_wconf 89' lang='lat' dir='ltr'>ea</span> <span class='ocrx_word' id='word_1_599' title='bbox 1062 4309 1068 4324; x_wconf 90' lang='lat'>.</span> <span class='ocrx_word' id='word_1_600' title='bbox 1085 4267 1112 4335; x_wconf 73' lang='lat'>2,</span> <span class='ocrx_word' id='word_1_601' title='bbox 1127 4265 1161 4322; x_wconf 86' lang='lat' dir='ltr'>de</span> <span class='ocrx_word' id='word_1_602' title='bbox 1178 4265 1235 4322; x_wconf 82' lang='lat' dir='ltr'>reb.</span> <span class='ocrx_word' id='word_1_603' title='bbox 1251 4265 1357 4321; x_wconf 74' lang='lat' dir='ltr'>Enetos.</span> <span class='ocrx_word' id='word_1_604' title='bbox 1373 4263 1458 4320; x_wconf 74' lang='lat' dir='ltr'>alien</span> <span class='ocrx_word' id='word_1_605' title='bbox 1470 4263 1513 4320; x_wconf 88' lang='lat' dir='ltr'>oet</span> <span class='ocrx_word' id='word_1_606' title='bbox 1525 4279 1591 4321; x_wconf 84' lang='lat' dir='ltr'>oon.</span> 
     </span>
    </p>

    <p class='ocr_par' dir='ltr' id='par_1_27' title="bbox 939 4333 1736 4548">
     <span class='ocr_line' id='line_1_89' title="bbox 975 4333 1736 4467; baseline -0.008 -72"><span class='ocrx_word' id='word_1_607' title='bbox 975 4337 1018 4467; x_wconf 49' lang='lat' dir='ltr'>gi)</span> <span class='ocrx_word' id='word_1_608' title='bbox 1082 4337 1201 4420; x_wconf 25' lang='lat' dir='ltr'>titretest</span> <span class='ocrx_word' id='word_1_609' title='bbox 1214 4335 1241 4402; x_wconf 82' lang='lat' dir='ltr'>le</span> <span class='ocrx_word' id='word_1_610' title='bbox 1256 4334 1305 4418; x_wconf 37' lang='grc' dir='ltr'>34,ο</span> <span class='ocrx_word' id='word_1_611' title='bbox 1324 4333 1359 4416; x_wconf 78' lang='lat' dir='ltr'>de</span> <span class='ocrx_word' id='word_1_612' title='bbox 1374 4333 1400 4392; x_wconf 90' lang='lat' dir='ltr'>la</span> <span class='ocrx_word' id='word_1_613' title='bbox 1417 4334 1584 4405; x_wconf 79' lang='lat' dir='ltr'>Compitalia</span> <span class='ocrx_word' id='word_1_614' title='bbox 1594 4335 1692 4406; x_wconf 84' lang='lat' dir='ltr'>prima</span> <span class='ocrx_word' id='word_1_615' title='bbox 1707 4340 1736 4390; x_wconf 89' lang='lat' dir='ltr'>et</span> 
     </span>
     <span class='ocr_line' id='line_1_90' title="bbox 939 4407 1732 4548; baseline -0.014 -7"><span class='ocrx_word' id='word_1_616' title='bbox 939 4408 966 4467; x_wconf 58' lang='lat' dir='ltr'>le</span> <span class='ocrx_word' id='word_1_617' title='bbox 974 4407 1469 4548; x_wconf 53' lang='lat' dir='ltr'>02⁶12⁰fig2⁶ssssfi²gg⁶ss⁰ggffl⁸m</span> <span class='ocrx_word' id='word_1_618' title='bbox 1480 4475 1578 4546; x_wconf 83' lang='lat' dir='ltr'>prima</span> <span class='ocrx_word' id='word_1_619' title='bbox 1595 4493 1605 4532; x_wconf 94' lang='grc'>.·</span> <span class='ocrx_word' id='word_1_620' title='bbox 1622 4476 1663 4533; x_wconf 84' lang='lat' dir='ltr'>De</span> <span class='ocrx_word' id='word_1_621' title='bbox 1676 4477 1732 4533; x_wconf 83' lang='lat' dir='ltr'>liii·</span> 
     </span>
    </p>
   </div>
   <div class='ocr_carea' id='block_1_26' title="bbox 939 4551 1086 4609">
    <p class='ocr_par' dir='ltr' id='par_1_28' title="bbox 939 4551 1086 4609">
     <span class='ocr_line' id='line_1_91' title="bbox 939 4551 1086 4609; baseline -0.007 0"><span class='ocrx_word' id='word_1_622' title='bbox 939 4551 1086 4609; x_wconf 62' lang='lat' dir='ltr'>munitam.</span> 
     </span>
    </p>
   </div>
   <div class='ocr_carea' id='block_1_27' title="bbox 939 4633 1738 5710">
    <p class='ocr_par' dir='ltr' id='par_1_29' title="bbox 939 4633 1735 5122">
     <span class='ocr_line' id='line_1_92' title="bbox 975 4633 1734 4712; baseline -0.007 -15"><span class='ocrx_word' id='word_1_623' title='bbox 975 4639 1016 4712; x_wconf 85' lang='lat' dir='ltr'>(b)</span> <span class='ocrx_word' id='word_1_624' title='bbox 1032 4641 1073 4696; x_wconf 80' lang='lat' dir='ltr'>lle</span> <span class='ocrx_word' id='word_1_625' title='bbox 1088 4637 1164 4704; x_wconf 83' lang='lat' dir='ltr'>Tiro,</span> <span class='ocrx_word' id='word_1_626' title='bbox 1179 4642 1205 4694; x_wconf 82' lang='lat' dir='ltr'>et</span> <span class='ocrx_word' id='word_1_627' title='bbox 1219 4637 1253 4692; x_wconf 82' lang='lat' dir='ltr'>de</span> <span class='ocrx_word' id='word_1_628' title='bbox 1265 4635 1401 4706; x_wconf 80' lang='lat' dir='ltr'>Joeopbot</span> <span class='ocrx_word' id='word_1_629' title='bbox 1419 4633 1573 4692; x_wconf 62' lang='lat' dir='ltr'>obtuitus.</span> <span class='ocrx_word' id='word_1_630' title='bbox 1596 4635 1734 4692; x_wconf 85' lang='lat' dir='ltr'>hioecesis</span> 
     </span>
     <span class='ocr_line' id='line_1_93' title="bbox 939 4703 1732 4780; baseline -0.008 -12"><span class='ocrx_word' id='word_1_631' title='bbox 939 4709 1141 4770; x_wconf 82' lang='lat' dir='ltr'>carnotensis:</span> <span class='ocrx_word' id='word_1_632' title='bbox 1157 4707 1259 4780; x_wconf 80' lang='lat' dir='ltr'>prioris</span> <span class='ocrx_word' id='word_1_633' title='bbox 1274 4703 1395 4764; x_wconf 77' lang='lat' dir='ltr'>abbatie</span> <span class='ocrx_word' id='word_1_634' title='bbox 1410 4705 1541 4762; x_wconf 90' lang='lat' dir='ltr'>ineminii</span> <span class='ocrx_word' id='word_1_635' title='bbox 1563 4707 1595 4762; x_wconf 84' lang='grc' dir='ltr'>ιι.</span> <span class='ocrx_word' id='word_1_636' title='bbox 1614 4707 1732 4763; x_wconf 83' lang='lat' dir='ltr'>Bernar-</span> 
     </span>
     <span class='ocr_line' id='line_1_94' title="bbox 939 4773 1735 4859; baseline -0.005 -21"><span class='ocrx_word' id='word_1_637' title='bbox 939 4781 1003 4849; x_wconf 91' lang='lat' dir='ltr'>dus,</span> <span class='ocrx_word' id='word_1_638' title='bbox 1020 4779 1179 4852; x_wconf 69' lang='lat' dir='ltr'>ibiepist„</span> <span class='ocrx_word' id='word_1_639' title='bbox 1200 4775 1357 4835; x_wconf 74' lang='lat' dir='ltr'>eblandita</span> <span class='ocrx_word' id='word_1_640' title='bbox 1378 4773 1430 4833; x_wconf 87' lang='lat' dir='ltr'>luit</span> <span class='ocrx_word' id='word_1_641' title='bbox 1451 4790 1466 4831; x_wconf 87' lang='lat' dir='ltr'>a</span> <span class='ocrx_word' id='word_1_642' title='bbox 1490 4775 1614 4858; x_wconf 83' lang='lat' dir='ltr'>ltotrodo</span> <span class='ocrx_word' id='word_1_643' title='bbox 1629 4777 1735 4859; x_wconf 67' lang='lat' dir='ltr'>comite</span> 
     </span>
     <span class='ocr_line' id='line_1_95' title="bbox 940 4845 1733 4919; baseline -0.005 -9"><span class='ocrx_word' id='word_1_644' title='bbox 940 4849 1106 4919; x_wconf 75' lang='lat' dir='ltr'>reineccii,</span> <span class='ocrx_word' id='word_1_645' title='bbox 1134 4863 1209 4907; x_wconf 87' lang='lat' dir='ltr'>inno</span> <span class='ocrx_word' id='word_1_646' title='bbox 1223 4848 1302 4916; x_wconf 84' lang='lat' dir='ltr'>illo,</span> <span class='ocrx_word' id='word_1_647' title='bbox 1316 4845 1426 4906; x_wconf 89' lang='lat' dir='ltr'>ordinis</span> <span class='ocrx_word' id='word_1_648' title='bbox 1447 4847 1475 4904; x_wconf 92' lang='lat' dir='ltr'>S.</span> <span class='ocrx_word' id='word_1_649' title='bbox 1492 4845 1662 4914; x_wconf 60' lang='lat' dir='ltr'>Benedietre</span> <span class='ocrx_word' id='word_1_650' title='bbox 1686 4863 1733 4906; x_wconf 90' lang='lat' dir='ltr'>se·</span> 
     </span>
     <span class='ocr_line' id='line_1_96' title="bbox 939 4916 1732 5000; baseline -0.006 -20"><span class='ocrx_word' id='word_1_651' title='bbox 939 4921 1032 4980; x_wconf 86' lang='lat' dir='ltr'>cunda</span> <span class='ocrx_word' id='word_1_652' title='bbox 1047 4935 1103 4994; x_wconf 86' lang='lat' dir='ltr'>quo</span> <span class='ocrx_word' id='word_1_653' title='bbox 1125 4935 1160 4978; x_wconf 92' lang='lat' dir='ltr'>ue</span> <span class='ocrx_word' id='word_1_654' title='bbox 1174 4926 1218 4977; x_wconf 86' lang='lat' dir='ltr'>est</span> <span class='ocrx_word' id='word_1_655' title='bbox 1231 4917 1298 4976; x_wconf 90' lang='lat' dir='ltr'>dieti</span> <span class='ocrx_word' id='word_1_656' title='bbox 1313 4916 1420 5000; x_wconf 73' lang='lat' dir='ltr'>ordinis</span> <span class='ocrx_word' id='word_1_657' title='bbox 1446 4917 1475 4974; x_wconf 91' lang='lat' dir='ltr'>S.</span> <span class='ocrx_word' id='word_1_658' title='bbox 1492 4916 1648 5000; x_wconf 75' lang='lat' dir='ltr'>Benedicti,</span> <span class='ocrx_word' id='word_1_659' title='bbox 1668 4916 1732 4975; x_wconf 88' lang='lat' dir='ltr'>lun·</span> 
     </span>
     <span class='ocr_line' id='line_1_97' title="bbox 940 4935 1734 5122; baseline -0.008 -70"><span class='ocrx_word' id='word_1_660' title='bbox 940 4992 1012 5122; x_wconf 51' lang='lat' dir='ltr'><strong>‘¹⁰3ss</strong></span> <span class='ocrx_word' id='word_1_661' title='bbox 1032 5007 1048 5049; x_wconf 92' lang='lat' dir='ltr'>a</span> <span class='ocrx_word' id='word_1_662' title='bbox 1067 4935 1204 5060; x_wconf 62' lang='lat' dir='ltr'>GoXlrido,</span> <span class='ocrx_word' id='word_1_663' title='bbox 1233 4989 1426 5062; x_wconf 78' lang='lat' dir='ltr'>abepiscopo</span> <span class='ocrx_word' id='word_1_664' title='bbox 1453 4988 1630 5054; x_wconf 89' lang='lat' dir='ltr'>Cartonensi,</span> <span class='ocrx_word' id='word_1_665' title='bbox 1658 5003 1734 5046; x_wconf 87' lang='lat' dir='ltr'>anno</span> 
     </span>
    </p>

    <p class='ocr_par' dir='ltr' id='par_1_30' title="bbox 939 5147 1733 5353">
     <span class='ocr_line' id='line_1_98' title="bbox 977 5147 1732 5227; baseline -0.007 -17"><span class='ocrx_word' id='word_1_666' title='bbox 977 5152 1015 5227; x_wconf 79' lang='lat' dir='ltr'>(e)</span> <span class='ocrx_word' id='word_1_667' title='bbox 1044 5149 1245 5210; x_wconf 83' lang='lat' dir='ltr'>Geiiomoiiensi</span> <span class='ocrx_word' id='word_1_668' title='bbox 1272 5147 1407 5218; x_wconf 81' lang='lat' dir='ltr'>episcopo.</span> <span class='ocrx_word' id='word_1_669' title='bbox 1425 5147 1570 5216; x_wconf 85' lang='lat' dir='ltr'>Mauricio,</span> <span class='ocrx_word' id='word_1_670' title='bbox 1595 5147 1629 5205; x_wconf 86' lang='grc'>39</span> <span class='ocrx_word' id='word_1_671' title='bbox 1657 5149 1732 5221; x_wconf 89' lang='lat' dir='ltr'>epis·</span> 
     </span>
     <span class='ocr_line' id='line_1_99' title="bbox 939 5216 1733 5298; baseline -0.008 -16"><span class='ocrx_word' id='word_1_672' title='bbox 939 5239 1023 5298; x_wconf 90' lang='lat' dir='ltr'>copo,</span> <span class='ocrx_word' id='word_1_673' title='bbox 1050 5223 1109 5296; x_wconf 86' lang='lat' dir='ltr'>qui,</span> <span class='ocrx_word' id='word_1_674' title='bbox 1135 5234 1211 5279; x_wconf 89' lang='lat' dir='ltr'>anno</span> <span class='ocrx_word' id='word_1_675' title='bbox 1226 5219 1305 5288; x_wconf 74' lang='lat' dir='ltr'>litt,</span> <span class='ocrx_word' id='word_1_676' title='bbox 1331 5218 1486 5276; x_wconf 78' lang='lat' dir='ltr'>translatus</span> <span class='ocrx_word' id='word_1_677' title='bbox 1503 5216 1554 5274; x_wconf 89' lang='lat' dir='ltr'>luit</span> <span class='ocrx_word' id='word_1_678' title='bbox 1578 5217 1733 5276; x_wconf 84' lang='lat' dir='ltr'>liotbouin-</span> 
     </span>
     <span class='ocr_line' id='line_1_100' title="bbox 961 5311 1019 5353; baseline -0.017 0"><span class='ocrx_word' id='word_1_679' title='bbox 961 5311 1019 5353; x_wconf 87' lang='lat' dir='ltr'>uin.</span> 
     </span>
    </p>

    <p class='ocr_par' dir='ltr' id='par_1_31' title="bbox 939 5310 1738 5710">
     <span class='ocr_line' id='line_1_101' title="bbox 940 5310 1734 5440; baseline -0.005 -18"><span class='ocrx_word' id='word_1_680' title='bbox 940 5310 1018 5440; x_wconf 83' lang='lat' dir='ltr'>g(d)</span> <span class='ocrx_word' id='word_1_681' title='bbox 1042 5363 1174 5422; x_wconf 75' lang='lat' dir='ltr'>Abdotem</span> <span class='ocrx_word' id='word_1_682' title='bbox 1189 5362 1223 5418; x_wconf 88' lang='lat' dir='ltr'>de</span> <span class='ocrx_word' id='word_1_683' title='bbox 1243 5360 1375 5418; x_wconf 74' lang='lat' dir='ltr'>Cultura</span> <span class='ocrx_word' id='word_1_684' title='bbox 1394 5359 1421 5417; x_wconf 89' lang='lat' dir='ltr'>S.</span> <span class='ocrx_word' id='word_1_685' title='bbox 1435 5359 1509 5417; x_wconf 88' lang='lat' dir='ltr'>Petri</span> <span class='ocrx_word' id='word_1_686' title='bbox 1528 5357 1685 5416; x_wconf 64' lang='lat' dir='ltr'>delinitura</span> <span class='ocrx_word' id='word_1_687' title='bbox 1706 5362 1734 5418; x_wconf 88' lang='lat' dir='ltr'>iii</span> 
     </span>
     <span class='ocr_line' id='line_1_102' title="bbox 940 5429 1734 5497; baseline -0.01 -3"><span class='ocrx_word' id='word_1_688' title='bbox 940 5435 1083 5496; x_wconf 86' lang='lat' dir='ltr'>suburbiis</span> <span class='ocrx_word' id='word_1_689' title='bbox 1098 5430 1372 5496; x_wconf 81' lang='lat' dir='ltr'>cenomanensibus,</span> <span class='ocrx_word' id='word_1_690' title='bbox 1389 5429 1499 5486; x_wconf 89' lang='lat' dir='ltr'>ordinis</span> <span class='ocrx_word' id='word_1_691' title='bbox 1522 5431 1550 5486; x_wconf 87' lang='lat' dir='ltr'>S.</span> <span class='ocrx_word' id='word_1_692' title='bbox 1576 5430 1734 5497; x_wconf 83' lang='lat' dir='ltr'>Benedicti,</span> 
     </span>
     <span class='ocr_line' id='line_1_103' title="bbox 939 5500 1738 5567; baseline -0.014 -1"><span class='ocrx_word' id='word_1_693' title='bbox 939 5509 981 5567; x_wconf 81' lang='lat' dir='ltr'>Lo</span> <span class='ocrx_word' id='word_1_694' title='bbox 991 5509 1123 5565; x_wconf 80' lang='lat' dir='ltr'>Contere.</span> <span class='ocrx_word' id='word_1_695' title='bbox 1138 5503 1305 5562; x_wconf 83' lang='lat' dir='ltr'>AEdillcetus</span> <span class='ocrx_word' id='word_1_696' title='bbox 1325 5500 1376 5557; x_wconf 85' lang='lat' dir='ltr'>luit</span> <span class='ocrx_word' id='word_1_697' title='bbox 1391 5500 1438 5556; x_wconf 92' lang='lat' dir='ltr'>liic</span> <span class='ocrx_word' id='word_1_698' title='bbox 1454 5506 1612 5557; x_wconf 86' lang='lat' dir='ltr'>conventus</span> <span class='ocrx_word' id='word_1_699' title='bbox 1628 5513 1643 5555; x_wconf 89' lang='lat' dir='ltr'>n</span> <span class='ocrx_word' id='word_1_700' title='bbox 1661 5501 1738 5557; x_wconf 85' lang='lat' dir='ltr'>Beri-</span> 
     </span>
     <span class='ocr_line' id='line_1_104' title="bbox 940 5569 1735 5666; baseline -0.016 -29"><span class='ocrx_word' id='word_1_701' title='bbox 940 5593 1063 5652; x_wconf 86' lang='lat' dir='ltr'>gianno,</span> <span class='ocrx_word' id='word_1_702' title='bbox 1079 5577 1215 5666; x_wconf 79' lang='lat' dir='ltr'>episeopo</span> <span class='ocrx_word' id='word_1_703' title='bbox 1229 5572 1539 5654; x_wconf 37' lang='lat' dir='ltr'>Ceiioiiinnensi,·eirce</span> <span class='ocrx_word' id='word_1_704' title='bbox 1556 5583 1661 5650; x_wconf 21' lang='lat' dir='ltr'>annnuin</span> <span class='ocrx_word' id='word_1_705' title='bbox 1670 5569 1735 5652; x_wconf 77' lang='lat' dir='ltr'>aaa,</span> 
     </span>
     <span class='ocr_line' id='line_1_105' title="bbox 940 5639 1738 5710; baseline -0.009 -3"><span class='ocrx_word' id='word_1_706' title='bbox 940 5656 967 5707; x_wconf 94' lang='lat' dir='ltr'>et</span> <span class='ocrx_word' id='word_1_707' title='bbox 993 5649 1108 5706; x_wconf 85' lang='lat' dir='ltr'>dotatus</span> <span class='ocrx_word' id='word_1_708' title='bbox 1134 5643 1340 5710; x_wconf 73' lang='lat' dir='ltr'>attrectantis,</span> <span class='ocrx_word' id='word_1_709' title='bbox 1356 5643 1475 5708; x_wconf 82' lang='lat' dir='ltr'>Gonnoi,</span> <span class='ocrx_word' id='word_1_710' title='bbox 1503 5647 1615 5698; x_wconf 86' lang='lat' dir='ltr'>eoniiiis</span> <span class='ocrx_word' id='word_1_711' title='bbox 1631 5639 1738 5700; x_wconf 82' lang='lat' dir='ltr'>Britan·</span> 
     </span>
    </p>
   </div>
   <div class='ocr_carea' id='block_1_28' title="bbox 940 5719 1091 5789">
    <p class='ocr_par' dir='ltr' id='par_1_32' title="bbox 940 5719 1091 5789">
     <span class='ocr_line' id='line_1_106' title="bbox 940 5719 1091 5789; baseline -0.026 -11"><span class='ocrx_word' id='word_1_712' title='bbox 940 5721 1007 5789; x_wconf 77' lang='lat' dir='ltr'>iiia,</span> <span class='ocrx_word' id='word_1_713' title='bbox 1025 5719 1091 5776; x_wconf 87' lang='lat' dir='ltr'>illia.</span> 
     </span>
    </p>
   </div>
   <div class='ocr_carea' id='block_1_29' title="bbox 1554 5901 1595 5957">
    <p class='ocr_par' dir='ltr' id='par_1_33' title="bbox 1554 5901 1595 5957">
     <span class='ocr_line' id='line_1_107' title="bbox 1554 5901 1595 5957; baseline 0.073 -3"><span class='ocrx_word' id='word_1_714' title='bbox 1554 5901 1595 5957; x_wconf 87' lang='lat' dir='ltr'>ll.</span> 
     </span>
    </p>
   </div>
   <div class='ocr_carea' id='block_1_30' title="bbox 0 0 1998 6296">
    <p class='ocr_par' dir='ltr' id='par_1_34' title="bbox 0 0 1998 6296">
     <span class='ocr_line' id='line_1_108' title="bbox 0 0 1998 6296; baseline 0 0"><span class='ocrx_word' id='word_1_715' title='bbox 0 0 1998 6296; x_wconf 95' lang='lat' dir='ltr'> </span> 
     </span>
    </p>
   </div>
  </div>
 </body>
</html>
