3978 6290
884 367 1059 430 nonanti
1084 365 1126 424 ΙΙΙ
1150 369 1297 436 OPERA.

356 769 492 830 h'oliee.
516 769 548 828 cl
570 769 690 842 Aprili.
715 765 971 846 episcopiam).

567 1092 702 1151 intrim
721 1091 759 1150 ΙΙ.

308 1329 441 1389 intabus
454 1326 741 1405 postulationibus,
759 1340 824 1387 una
844 1324 998 1386 videlicet
1021 1320 1061 1382 de

265 1431 347 1487 ven.
370 1427 390 1486 l.
411 1442 443 1485 n.
457 1424 505 1503 (b)
526 1423 661 1496 Canac,
684 1423 812 1500 relique
829 1437 908 1484 vero
924 1421 964 1481 de
985 1436 1061 1482 vent

266 1525 290 1584 t.
311 1541 341 1583 n.
367 1523 413 1604 (c)
437 1523 592 1595 Nitrien.,
613 1521 775 1598 episcopis
799 1521 835 1581 in
850 1520 899 1598 (d)
915 1519 1059 1593 strigon.

266 1621 407 1682 ecelesia
422 1619 608 1691 celebratis
624 1635 723 1695 quum
738 1619 864 1680 nullam
879 1633 993 1678 eornm
1008 1617 1062 1677 in-

266 1719 455 1780 venerimus
470 1733 543 1777 esse
556 1717 761 1788 canonicam,
779 1717 811 1776 et
826 1715 859 1775 in
870 1715 962 1776 terite
976 1730 1060 1775 con-

264 1817 461 1878 tradictione
475 1831 540 1876 non
556 1813 766 1875 consueverit
779 1813 852 1874 neri
869 1811 1061 1889 postulatio,

264 1930 337 1992 quoe
351 1914 379 1974 si
395 1915 494 1974 etiem
510 1911 718 1984 concorditer
733 1910 837 1982 lieret,
850 1912 924 1986 plus
938 1910 1059 1986 gratia,

264 2029 361 2096 qnam
373 2015 429 2089 jus
444 2010 585 2086 requirit
603 2007 743 2078 eiinritti,
760 2009 910 2069 neutram
926 2007 966 2068 de
986 2005 1009 2067 s.
1026 2022 1060 2067 n.

264 2128 356 2178 cons.
372 2109 527 2173 duximus
541 2105 790 2168 admittendam.

263 2301 345 2358 tietb.
354 2301 445 2359 Utitur
453 2300 530 2358 enim
540 2296 625 2358 verbo
633 2295 752 2362 ceneten
759 2293 801 2347 τὸν
813 2290 909 2362 oporto,
920 2291 947 2352 id
956 2299 1007 2362 cst,
1022 2308 1060 2350 ΙΙ·

264 2373 325 2428 dem
335 2373 506 2442 arripuerit.
523 2370 634 2440 Volo-rt,
649 2374 676 2432 et
691 2367 819 2426 incolare
832 2365 995 2448 signiticant
1009 2365 1060 2422 eri·

265 2457 332 2514 pere
347 2451 375 2499 et
394 2440 516 2512 anl'erre,
536 2444 568 2498 L.
588 2441 614 2510 6,
639 2441 720 2514 [ΙΙΙ
740 2438 848 2498 iacenti.
868 2453 959 2505 roto,
976 2443 1060 2508 atquc

264 2515 350 2573 etiam
364 2512 451 2571 furari
464 2511 540 2586 apud
554 2513 668 2572 Festum
682 2526 690 2583 ;
708 2513 840 2569 Lucanus
850 2509 911 2570 Lib.
922 2511 960 2574 Vl
978 2525 984 2564 :

619 2584 697 2652 Quod
708 2599 824 2655 corpore
835 2583 930 2654 mopai

335 2659 460 2729 Proiecto
476 2656 581 2728 raptat,
597 2656 670 2728 qood
683 2655 803 2712 cesaris
814 2655 1015 2712 incoletortos.

299 2731 353 2787 Per
368 2730 517 2790 locatitias,
529 2728 653 2784 latrones
669 2726 800 2800 intelligit
812 2726 920 2796 Sidou,
931 2726 1060 2798 Episti,

264 2801 324 2858 Lib.
346 2800 394 2858 lX.
418 2797 573 2857 Postulatio
593 2797 759 2856 adversatur
771 2797 827 2870 juri
851 2797 1007 2866 communi,
1031 2801 1061 2852 et

265 2872 329 2928 ideo
344 2869 477 2928 concordi
497 2869 626 2924 omnium
648 2868 757 2924 calculo
777 2867 848 2936 lieri,
865 2874 893 2926 ct
913 2867 1058 2938 subscrip·

265 2944 342 2998 tione
378 2941 484 2998 firmari
512 2937 606 3006 debet,
637 2939 706 3008 cop.
725 2939 742 2994 3
762 2945 789 2993 et
808 2938 835 3007 t,
850 2939 900 2994 hoc
923 2939 967 2994 tit.
988 2943 1058 3007 ech,

266 3011 337 3068 adeo
352 3018 383 3066 nt
395 3011 418 3066 si
428 3015 579 3066 concurrat
590 3008 742 3080 postulatio
756 3022 822 3064 cum
840 3008 990 3076 electione,
1006 3006 1057 3064 du-

267 3083 312 3154 plo
328 3080 418 3153 ntajor
433 3079 518 3136 debet
534 3093 599 3135 esse
611 3079 814 3147 postulantium
830 3092 976 3146 numerus,
997 3093 1057 3148 cop.

265 3155 348 3208 licita
358 3153 415 3208 cort.
425 3153 499 3207 ineo
511 3156 605 3207 autem
617 3150 741 3206 marinio
753 3147 911 3208 differentia
923 3149 1060 3277 estquod

267 3223 416 3295 postulatio
432 3237 466 3276 en
483 3235 560 3276 mera
576 3219 743 3276 liberalitate
756 3221 910 3291 superioris
926 3233 981 3292 pen

265 3309 319 3354 uec
334 3300 399 3350 ante
413 3292 459 3364 jns
472 3292 548 3348 illum
563 3291 700 3362 acquirat,
716 3292 784 3360 cop.
796 3291 813 3347 5
825 3292 883 3348 eod.

302 3365 463 3440 (uicmncs
483 3363 560 3424 diss.
577 3363 652 3420 malo
668 3369 775 3433 ponunt
795 3360 982 3446 epigraphen.
1004 3363 1057 3420 Le·

265 3435 392 3508 gendum
408 3433 568 3500 Vacciensi,
591 3440 620 3489 et
635 3433 768 3505 Agriensi
784 3447 799 3489 e
822 3434 934 3505 iscopts.
953 3435 987 3489 lli
1004 3432 1060 3490 duo

267 3509 453 3580 Episcopatus
468 3511 534 3562 sunt
545 3505 572 3560 in
589 3505 745 3576 hungarie,
758 3447 933 3576 suipraganei
949 3505 1057 3576 strigo·

1002 3227 1058 3290 eat,

265 3580 372 3635 niensis
385 3577 656 3656 archiepiscopatus.
673 3575 823 3648 agriensis
838 3583 882 3632 cst
899 3573 984 3636 hodie
1007 3573 1060 3632 suh

181 3673 184 3680 ⁴
266 3648 566 3718 l'nrcarnmtmpcrio.

302 3719 341 3788 (Ι)
375 3716 549 3776 custodienti.
579 3714 773 3783 cenadiensis,
805 3716 850 3773 vel
876 3714 1060 3774 cenadiensis

266 3791 445 3871 episcopatus
457 3786 611 3858 llungarite
622 3785 882 3844 Transdanubiente
890 3785 942 3844 sub
954 3785 1060 3844 archie-

268 3873 383 3931 piscopo
397 3855 544 3916 colocenei
560 3856 647 3928 volgo
668 3857 792 3913 Chonod.

302 3929 340 4000 (ct
358 3928 509 3986 nitriensi.
525 3927 684 3998 Episcopus
696 3927 857 3994 h'itriensis,
873 3927 928 3996 vel,
944 3929 1061 3986 Litrien·

266 4003 316 4069 sis,
332 3999 486 4073 ilungariae
499 3997 581 4071 regni
593 3997 789 4067 cancellarius,
806 3999 858 4056 sub
871 3999 1061 4072 strigoniensi

265 4071 497 4152 archiepiscopo.

302 4143 343 4218 (d)
357 4143 389 4199 lo
401 4139 587 4214 strigoniensi
598 4139 721 4199 ecclesio.
735 4141 940 4214 strigoniensis
952 4141 1061 4200 archic-

287 4217 431 4288 iscopatus
441 4212 534 4278 hodic,
546 4213 634 4280 croc,
644 4213 725 4286 regni
736 4214 890 4270 llnnoartoe
903 4214 1021 4287 primas,
1033 4222 1061 4272 ct

265 4232 379 4360 regatus
401 4291 484 4342 natus
502 4281 582 4341 sedis
596 4284 781 4356 apostolice:
798 4257 972 4367 strigonien
989 4287 1057 4342 Tur·

264 4361 306 4414 cis
321 4365 459 4429 occupato
472 4369 548 4412 nunc
558 4356 708 4422 Tirnaviae,
722 4355 820 4481 ΙυΙξο,
833 4357 932 4423 Dirae,
943 4357 1058 4414 residet.

301 4429 342 4500 (Ι)
356 4430 392 4490 Lo
409 4429 471 4484 titre
479 4427 511 4481 de
521 4425 663 4481 cinctione
674 4433 718 4482 est
728 4425 754 4482 le
788 4425 882 4482 edeta
894 4427 1061 4496 compilatio

263 4503 359 4568 primu
374 4506 402 4556 ct
415 4498 441 4554 lc
457 4497 487 4554 or
502 4495 552 4552 des
569 4495 727 4552 Dc‘cre'tules
739 4495 948 4564 (triportinus.

301 4577 335 4640 qe)
356 4567 648 4636 Electohoqionecsi.
667 4564 1061 4637 ilistoriehujuscapidsncc

265 4641 339 4705 vola,
356 4651 409 4692 noc
417 4637 570 4708 vestigium
584 4636 658 4708 apud
669 4635 849 4704 Paradinutn‚
865 4634 997 4704 liubinm,
1009 4637 1058 4694 Sc·

265 4709 397 4773 vertiam,
409 4705 517 4770 chenu,
531 4712 558 4760 ot
569 4706 732 4774 liebertum,
742 4707 871 4764 ecclesie
886 4705 1058 4778 Lugdunen-

266 4779 306 4834 sis
321 4776 481 4846 scriptores.
498 4775 637 4844 Equidem
661 4773 746 4832 relert
762 4778 906 4834 severtius
918 4793 953 4836 ex
965 4777 1058 4836 archi·

266 4849 310 4903 vis
323 4845 495 4904 cartusianis
514 4845 603 4911 tiss,
615 4846 755 4905 loannem
767 4849 803 4914 ll,
815 4847 1061 4921 archiepiscopum

267 4915 488 4991 lugdunensem
502 4913 554 4968 snb
569 4915 709 4972 celestino
722 4917 773 4986 ΙΙΙ,
783 4916 843 4988 jem
856 4933 918 4974 oevo
929 4933 1059 4990 gravem,

266 4987 361 5048 oliicio
383 5000 458 5043 curm
479 4983 639 5055 pastorialis
665 4987 860 5054 renunciasse,
888 4990 1061 5061 retentisque

267 5058 428 5130 insignibus
438 5056 517 5125 jussu
527 5055 604 5110 sum.
613 5054 801 5123 Pontidcis‚in
813 5057 917 5118 celebri
926 5059 1062 5118 clareva-

267 5133 301 5186 lis
314 5127 444 5186 coenobio
460 5139 548 5182 sacrae
564 5125 796 5196 contemplationi
810 5125 908 5188 sedulo
924 5144 1059 5200 vacasse;

268 5199 317 5258 sed
331 5197 397 5270 qnid
411 5197 465 5254 hoc
476 5195 510 5252 ed
523 5196 678 5252 lionorium
692 5197 839 5252 nostrum?
852 5198 924 5254 inter
937 5215 1021 5270 quem
1033 5209 1061 5258 et

268 5269 373 5328 dictum
392 5267 563 5326 celestinum
579 5265 761 5322 Innocentius
779 5268 819 5324 lll
840 5267 899 5340 (qui
919 5268 1060 5328 famosum

268 5345 351 5412 cttpot
368 5341 437 5412 capt
447 5339 573 5398 dioride.
589 5339 621 5392 dc
637 5336 874 5402 celebratote..
889 5337 984 5422 dirigit
996 5341 1061 5401 huic

267 5411 369 5472 loanni
384 5411 412 5466 in
424 5408 578 5467 claravalle
594 5406 721 5480 degenti)
738 5409 771 5467 aa
787 5423 878 5464 auitos
893 5408 973 5470 sedit.
988 5411 1060 5479 Quid

268 5499 338 5558 ergo
350 5479 502 5539 diecruust
515 5479 649 5550 corrupta
662 5477 872 5551 cettepigrapbe
884 5478 969 5552 hujus
983 5497 1057 5554 cap,

267 5565 297 5614 ut
312 5563 339 5611 ct
353 5552 453 5626 capitis
468 5551 494 5618 Ι,
508 5565 543 5605 cn
558 5550 670 5616 litteris,
685 5549 719 5603 de
733 5554 865 5618 consents,
877 5559 904 5606 et
918 5565 1056 5622 reponen-

267 5625 335 5698 dum
345 5633 402 5682 est:
419 5623 510 5679 electo
526 5617 669 5678 Lundensi
683 5617 897 5692 archiepiscopo
910 5623 1017 5692 Dante,
1032 5635 1059 5684 et
1079 5672 1080 5675 ,

268 5697 304 5756 ab
315 5695 480 5754 innocentio
494 5693 542 5751 lll.
557 5705 631 5747 enno
656 5690 738 5758 lici,
755 5691 876 5761 primatu
892 5693 999 5748 sueciae
1012 5695 1059 5754 ho-

268 5775 377 5828 norato.
395 5766 525 5826 llistcrie
539 5764 653 5820 ltanicas
670 5768 808 5818 testantur
823 5776 960 5835 magnum
980 5765 1056 5824 illum
1080 5840 1088 5868 ι

1860 373 1921 433 tto

1375 537 1588 632 Tll‘ULUS
1625 535 1660 626 V

1138 678 1181 724 nn
1203 678 1387 726 nnncrronn
1408 675 1450 725 nr
1471 675 1590 725 nnncrr
1611 673 1802 728 rornsrnrn
1826 663 1889 744 (l).

1204 826 1208 835 .
1301 771 1415 832 Etccto
1428 767 1678 850 Laipotoicosi(
1699 767 1726 850 ).

1427 923 1564 984 CAPUT
1578 924 1605 984 t.

1159 1039 1266 1108 Quum
1283 1040 1358 1116 post
1378 1039 1515 1114 petitam
1532 1039 1705 1112 instanter,
1726 1041 1760 1102 et
1783 1039 1918 1102 demum

1118 1135 1283 1196 obtentam
1299 1151 1362 1196 ven
1379 1135 1404 1195 s.
1417 1152 1449 1196 n.
1471 1136 1636 1212 qnondam
1652 1137 1919 1213 Lugdunenar-

1116 1233 1318 1309 cniepiscopi
1349 1233 1548 1306 cessionem,
1576 1235 1653 1296 vota
1672 1236 1916 1298 canonicorum

1117 1330 1266 1406 Lugdun.
1296 1331 1331 1392 in
1357 1333 1389 1393 te
1417 1333 1495 1393 tnnc
1521 1332 1667 1408 ipsorum
1696 1335 1916 1411 praepositum

1116 1428 1323 1489 concorditer
1331 1430 1577 1504 cont'enlssenh
1594 1431 1671 1507 quie
1684 1431 1818 1491 tandem
1833 1447 1919 1492 exa-

1116 1526 1250 1596 minato,
1276 1527 1362 1587 sicut
1396 1526 1516 1599 decuit,
1549 1543 1708 1614 processu
1740 1529 1917 1590 electionis

1114 1625 1191 1695 tuae,
1225 1621 1411 1684 invenimus
1440 1639 1513 1686 eam
1544 1624 1617 1702 post
1652 1625 1913 1704 publicationem

1116 1729 1347 1790 consensuum,
1373 1719 1406 1780 et
1431 1719 1618 1780 collationis
1639 1721 1830 1790 tractatam,
1844 1721 1915 1782 ali-

1115 1817 1261 1893 quandiu
1292 1817 1395 1876 suisse
1426 1817 1643 1894 protractam,
1672 1831 1916 1896 assensumque

1114 1915 1207 1976 tuum
1218 1915 1410 1991 priusquam
1421 1915 1550 1977 clectis
1559 1914 1689 1989 luisses,
1702 1917 1915 1994 requisitum,

1115 2011 1525 2084 electionemeamdem,ex
1537 2013 1641 2089 ipsius
1652 2013 1814 2094 duntaxat
1824 2013 1918 2076 inor·

1115 2109 1915 2188 dinatoprocessu,justiliacassavimuscxigenles

1115 2295 1362 2370 archiepiscopum
1388 2293 1581 2366 trudensem,
1603 2295 1746 2355 andream
1775 2297 1913 2360 sunonis.

1115 2381 1190 2425 anno
1218 2363 1297 2438 tati,
1321 2365 1373 2426 sub
1410 2370 1534 2426 Honorio
1566 2376 1672 2438 nostro,
1702 2367 1814 2438 morbb,
1850 2369 1916 2425 sivc

1114 2440 1284 2513 impetigine
1299 2438 1401 2511 potius.
1414 2454 1478 2512 quae
1491 2437 1566 2496 haud
1579 2437 1662 2496 facile
1672 2440 1850 2496 curationem
1866 2439 1916 2496 adr

1115 2511 1247 2579 mitteret,
1268 2510 1445 2582 implicitum,
1462 2511 1585 2582 viteque
1601 2510 1660 2582 iem
1684 2517 1821 2580 saturum,
1836 2511 1917 2567 ultro

1115 2597 1146 2640 se
1158 2595 1275 2639 munere
1288 2597 1343 2638 suc
1356 2580 1514 2651 abdicasse,
1528 2585 1556 2638 et
1565 2585 1706 2638 'semotum
1720 2595 1734 2637 a
1746 2582 1843 2653 populi
1856 2578 1916 2637 lre·

1135 2652 1242 2722 nentia,
1257 2651 1380 2709 insulam
1397 2653 1503 2709 lstoem
1517 2651 1759 2724 apndscanenses
1777 2652 1805 2708 in
1816 2651 1917 2710 medio

1115 2669 1205 2784 floreis
1231 2739 1312 2796 aque
1327 2719 1391 2780 lacu
1406 2735 1521 2780 amoeno
1538 2723 1633 2792 sitam,
1654 2722 1742 2806 quieti
1759 2693 1827 2780 haio
1851 2731 1916 2804 suae

1114 2799 1209 2856 locum
1223 2796 1358 2870 elegisse.
1384 2791 1439 2852 Sed
1456 2795 1520 2866 quis
1542 2793 1650 2850 electus
1666 2801 1721 2852 rste
1740 2791 1823 2850 linerit
1845 2801 1915 2866 post

1114 2868 1322 2937 eum,dub1um
1342 2872 1394 2923 est.
1417 2865 1491 2922 lirici
1507 2865 1585 2937 regis
1600 2863 1761 2923 chronicon
1773 2871 1837 2936 post
1851 2867 1915 2922 An-

1114 2941 1212 2998 dreem
1228 2940 1306 3011 pouit
1327 2939 1442 2996 Petrum
1468 2937 1598 3005 saxonis,
1620 2949 1714 3018 quem·
1729 2934 1844 3018 quidam
1865 2951 1917 2991 vo«

1114 3012 1175 3068 lunt
1206 3024 1270 3067 esse
1304 3009 1391 3067 hlium
1411 3007 1533 3068 Saxonis
1559 3008 1753 3074 Grammatici,
1787 3005 1915 3063 Andreae

1114 3083 1262 3144 coaetanei,
1280 3081 1326 3136 alii
1338 3078 1452 3136 tratrem
1465 3076 1596 3145 hadrec,
1612 3084 1641 3134 et
1652 3077 1745 3134 vicem
1758 3076 1819 3150 ejus
1837 3091 1909 3149 sup·

1115 3153 1249 3226 plevisse,
1262 3158 1290 3208 et
1303 3148 1561 3208 administratorem
1584 3155 1693 3206 tantum
1714 3147 1910 3220 archiepisco·

1116 3231 1198 3296 patus
1213 3221 1300 3279 luisse
1318 3220 1452 3293 quamdiu
1473 3221 1553 3289 vixit,
1576 3219 1612 3276 ob
1629 3220 1818 3276 reverentiam
1839 3219 1912 3276 tanti

1115 3295 1166 3350 viri
1181 3293 1286 3352 dicunt.
1304 3293 1386 3348 llunc
1397 3294 1511 3348 Petrum
1522 3305 1579 3347 non
1590 3289 1787 3348 luisseverum
1801 3290 1912 3346 archie

1135 3367 1263 3437 iscopum
1286 3363 1458 3419 convincunt
1491 3377 1603 3434 qnoque
1630 3359 1762 3418 historiae
1780 3361 1910 3432 Dacicae,

1115 3382 1182 3493 gum
1199 3434 1311 3492 tradunt
1335 3433 1465 3491 tillonem
1484 3433 1670 3506 subrogatum
1685 3433 1714 3488 in
1735 3431 1832 3489 locum
1849 3433 1912 3489 hn-

1115 3506 1190 3564 drcoe
1206 3513 1288 3564 antea
1304 3502 1440 3574 defuncti,
1456 3503 1533 3560 nulla
1557 3502 1630 3561 lacta
1652 3503 1797 3560 mentione
1821 3504 1912 3570 Petri,

1115 3578 1246 3650 quamvis
1259 3575 1360 3633 eodem
1372 3589 1449 3631 anno
1472 3573 1602 3631 ardeas
1621 3580 1650 3630 et
1662 3576 1761 3632 Petrus
1775 3572 1911 3644 obierint,

1115 3665 1150 3706 en
1165 3649 1239 3704 lirici
1251 3645 1400 3705 chronico.
1415 3648 1447 3702 ln
1457 3643 1503 3702 his
1518 3645 1643 3702 tenebris
1666 3646 1691 3701 ai
1712 3645 1776 3716 quis
1791 3645 1908 3718 conjec-

1115 3720 1185 3777 turis
1213 3719 1292 3777 locus
1321 3725 1373 3784 est,
1398 3715 1509 3777 videtur
1537 3714 1688 3773 dicendum
1724 3717 1910 3788 prepositum

1115 3792 1199 3848 istum
1213 3789 1341 3848 ecclcsiae
1355 3786 1523 3854 Lundensis,
1537 3786 1619 3860 cnjus
1633 3785 1680 3842 hic
1694 3785 1795 3843 electio
1812 3787 1907 3844 irrita·

1115 3870 1169 3929 tur,
1183 3861 1304 3920 electum
1320 3858 1407 3915 luisse
1430 3873 1447 3915 a
1467 3858 1590 3931 capitulo
1607 3856 1749 3916 lundensi
1765 3864 1829 3930 post
1844 3871 1910 3914 ces-

1115 3933 1226 3989 sionem
1241 3929 1373 3998 Audreae,
1390 3936 1418 3986 ct
1439 3936 1505 3986 ante
1518 3928 1792 3986 administrationem
1810 3929 1910 3987 Petri:

1116 4004 1187 4060 lluic
1210 4001 1381 4074 conjecturat
1403 3999 1614 4072 quodammodo
1635 3997 1821 4071 adstipulatur
1842 3999 1911 4057 dicti

1116 4075 1192 4147 regis
1204 4072 1373 4142 chronicon,
1390 4069 1457 4128 dum
1473 4071 1521 4140 eit,
1538 4074 1651 4128 Petrum
1672 4067 1776 4126 lectum
1795 4069 1909 4127 archie-

1116 4149 1263 4218 piscopum
1280 4159 1355 4201 anno
1382 4149 1491 4200 tantum
1515 4142 1594 4210 itit,
1610 4139 1720 4198 duobus
1738 4142 1823 4198 annis
1845 4150 1912 4216 post

1115 4217 1275 4274 cessionem
1304 4213 1436 4282 Andreae,
1465 4227 1521 4285 quo
1546 4212 1641 4269 medio
1665 4219 1792 4284 tempore
1818 4215 1911 4285 potuit

1115 4287 1177 4345 lieri
1189 4286 1290 4344 electio
1311 4285 1395 4358 hujus
1419 4285 1573 4360 prepositi,
1588 4283 1793 4356 coinquirere
1812 4285 1909 4352 nulle,

1115 4374 1172 4420 nou
1184 4355 1313 4416 meminit
1324 4357 1423 4414 Ericus
1437 4369 1487 4411 rex
1501 4356 1530 4410 in
1551 4369 1603 4412 sno
1617 4354 1762 4424 chronico,
1772 4355 1848 4426 quod
1863 4355 1911 4412 ad-

1116 4430 1231 4491 modum
1247 4429 1333 4486 brcve
1347 4434 1398 4495 est,
1411 4433 1439 4484 et
1449 4439 1561 4484 summa
1576 4431 1686 4482 tantum
1704 4439 1799 4481 rerum
1814 4427 1908 4497 capite
1984 4467 1985 4492 ,

1116 4502 1237 4574 attingit.
1254 4500 1307 4568 Qui
1321 4496 1423 4556 cedere
1434 4497 1673 4568 vultepiscopatn,
1687 4509 1744 4552 non
1755 4495 1783 4552 id
1794 4496 1909 4570 propria

1116 4573 1282 4628 anctoritate
1295 4576 1397 4643 potest,
1419 4566 1470 4625 sed
1488 4567 1601 4625 licentia
1626 4562 1908 4638 summiPontilrcis3

1116 4648 1200 4712 atque
1215 4640 1290 4696 hanc
1312 4640 1450 4696 instanter
1470 4645 1498 4695 et
1522 4639 1681 4710 importune
1700 4636 1785 4694 debet
1799 4645 1907 4709 petere,

1116 4711 1209 4767 aithic
1221 4709 1372 4768 Honorius.
1390 4711 1431 4764 lte
1447 4709 1629 4766 Innocentius
1643 4709 1693 4776 lll,
1711 4708 1741 4763 ln
1760 4721 1823 4780 cap,
1838 4709 1907 4777 uisi,

1115 4781 1148 4838 dc
1180 4779 1352 4842 rettuociat„
1382 4777 1455 4842 Quia
1478 4778 1509 4832 in
1531 4777 1699 4850 postolando
1735 4779 1849 4837 cedendi
1871 4780 1907 4835 li-

1117 4851 1237 4908 ccntiam
1257 4847 1404 4904 institisti:
1420 4861 1473 4904 nec
1492 4851 1569 4906 enim
1581 4856 1682 4922 sponte
1703 4856 1731 4906 et
1745 4847 1834 4905 libere
1849 4865 1911 4907 ces-

1116 4921 1158 4976 sio
1180 4918 1242 4976 licri
1264 4917 1357 4986 debet,
1375 4926 1488 4992 propter
1503 4920 1647 4977 vinculum
1668 4919 1824 4992 spirituale,
1841 4936 1907 4994 cap.

1115 5005 1201 5074 quom
1211 4991 1294 5045 inter.
1306 4990 1338 5045 de
1348 4989 1435 5058 elect,
1446 4989 1571 5064 alioquin
1586 4997 1686 5064 sponte
1700 4989 1850 5049 cedentem
1862 4994 1909 5052 sui

1115 5063 1206 5132 ipsius
1220 5058 1323 5120 turtum
1347 5057 1440 5116 lacere
1455 5059 1618 5130 dicendum,
1631 5076 1712 5134 oeque
1736 5075 1770 5118 ec
1784 5061 1820 5119 de
1840 5063 1906 5121 ads·

1115 5131 1244 5203 cripticis
1255 5137 1283 5186 et
1295 5130 1530 5188 conditionalibus
1543 5133 1583 5188 ait
1598 5135 1627 5188 L.
1658 5149 1724 5189 oum
1733 5133 1815 5202 satis,
1832 5135 1863 5192 c.
1875 5136 1909 5191 de

1114 5149 1908 5348 titinianoervisiumaa

1982 5305 1983 5335 l

1115 5340 1282 5420 tuncsatius
1297 5349 1410 5400 estnon
1426 5357 1558 5414 praeesse,
1582 5315 1669 5417 qnam
1685 5359 1742 5404 non
1757 5317 1906 5419 pro’desse,

1114 5421 1143 5470 et
1153 5410 1307 5469 dnmmodo
1319 5413 1394 5469 nulla
1410 5415 1536 5485 pravitas
1548 5417 1579 5470 in
1592 5415 1723 5474 cessione
1735 5417 1906 5490 reperiatur,
1981 5425 1982 5470 t

1115 5484 1340 5541 aitlnnocentius
1353 5484 1403 5552 lll,
1416 5484 1498 5554 Epist
1513 5483 1574 5553 llil,
1585 5487 1646 5543 Lib.
1661 5487 1684 5554 l,
1698 5501 1797 5560 exque
1809 5497 1909 5546 notan·

1114 5553 1180 5611 dnm
1196 5553 1450 5610 etiamcessionem
1462 5557 1624 5614 conminus
1640 5555 1750 5616 admitti
1760 5559 1789 5614 in
1802 5559 1906 5628 electo,

1113 5639 1197 5710 quam
1230 5631 1406 5692 consecrato,
1433 5623 1587 5683 dummodo
1614 5627 1716 5685 electio
1737 5629 1906 5688 conflrmata

1113 5697 1205 5763 luerit,
1218 5695 1281 5766 quia
1296 5702 1362 5751 tunc
1377 5695 1588 5754 matrimonium
1603 5697 1749 5778 spirituale
1772 5707 1904 5768 coatrae·

1113 5774 1171 5823 tum
1187 5772 1239 5836 est,
1254 5764 1328 5822 dieto
1343 5779 1406 5838 cap.
1426 5765 1508 5826 imer.
