3988 6300
605 391 762 463 Qutrtba
784 393 1047 456 attaminatio.
1074 394 1149 456 Lis.
1175 397 1198 455 Ι.
1673 402 1730 462 iss

133 685 252 746 Abbati
264 685 413 761 stirpen.
431 683 478 763 (a)
492 683 525 747 et
539 688 692 759 ejusdcm
706 692 768 749 toci
785 691 825 749 cte
999 673 1164 736 Portnca.
1183 677 1349 750 Episcopo
1364 675 1425 748 ap.
1441 679 1583 754 Stil-51²9
1606 675 1618 758 t
1642 679 1665 757 )·

82 803 241 864 Eaidotto
277 797 325 880 (b)
344 803 521 876 prioritas
557 805 730 866 Lentonis.
766 807 873 866 Dioec.
1227 873 1362 934 CAPUT
1385 877 1429 934 m

974 1049 1038 1108 Por
1058 1048 1185 1109 litteras
1200 1050 1286 1122 tuas,
1312 1051 1345 1112 et
1369 1051 1590 1129 depositiones
1613 1071 1726 1116 eorum

933 1144 1032 1206 etiam
1047 1146 1190 1218 testium,
1209 1162 1291 1224 quas
1306 1149 1363 1210 tua
1380 1151 1475 1211 nobis
1494 1151 1516 1211 Ι.
1537 1153 1724 1224 destinavit,

934 1243 1152 1319 comperimus
1168 1245 1346 1318 evidenter,
1364 1248 1449 1324 quod
1462 1249 1616 1310 Monaclti
1634 1246 1676 1326 (e)
1694 1253 1725 1312 S.

108 1341 878 1422 Quumbonaememoriae,etinfra.Sauenequis
933 1342 1098 1402 Mansueti
1134 1342 1262 1403 Tullen.
1298 1345 1469 1420 regulares
1498 1345 1726 1410 observantias

77 1439 164 1502 torte
177 1440 333 1502 causetur
351 1442 531 1519 capitulum
559 1442 671 1504 Sancti
691 1442 816 1505 iuliani
832 1441 877 1521 (c)
933 1455 999 1500 non
1014 1440 1165 1516 professi,
1195 1442 1368 1518 quemdam
1394 1443 1499 1520 ipsius
1523 1445 1586 1505 loci
1611 1463 1728 1507 nsotra-

83 1537 292 1600 Lemovicen.
310 1539 405 1601 dioec.
422 1543 478 1617 jus
497 1539 641 1616 eligendi
665 1541 878 1618 praepositum
933 1537 1031 1598 chum
1046 1538 1200 1600 similiter
1213 1555 1280 1600 non
1293 1541 1488 1617 professum,
1512 1543 1547 1602 in
1563 1542 1725 1616 abbatem,

81 1651 143 1712 per
158 1635 333 1698 decursum
346 1636 504 1715 temporis
517 1638 690 1712 amisisse3
712 1639 875 1710 nolumus,
933 1635 1128 1712 contemptis
1139 1636 1335 1714 quibusdam
1346 1655 1389 1699 ex
1400 1639 1558 1700 fratribus
1573 1641 1654 1712 suis,
1671 1643 1727 1719 qui

82 1733 171 1810 quod
184 1735 314 1812 tempus
341 1734 471 1812 lapsum
497 1738 573 1797 ante
597 1751 791 1796 concessam
815 1736 879 1796 sihi
933 1734 1046 1800 vocari
1075 1733 1246 1806 dehebant,
1276 1737 1309 1796 et
1344 1737 1507 1813 poterant,
1544 1738 1725 1815 elegerunt.

80 1831 231 1907 eligendi
244 1831 414 1893 licentiam
429 1832 478 1893 eis
496 1834 622 1907 currat;
640 1849 740 1910 quum
755 1833 880 1894 consti·
933 1830 1088 1892 tolentes
1109 1832 1212 1907 igitur
1225 1833 1382 1894 uterrata
1395 1851 1454 1910 per
1473 1835 1539 1896 tuce
1564 1837 1729 1898 sollicitu-

79 1928 179 2001 tuti0,
194 1945 267 2006 quae
282 1929 322 1990 de
337 1929 527 2008 hujusmodi
546 1930 641 2007 lapsu
656 1931 813 2008 temporis
829 1931 880 1992 lo·
932 1926 1020 1987 dinis
1045 1928 1190 1990 studium
1214 1930 1434 2006 corrigantur,
1458 1931 1480 1992 t.
1496 1933 1566 2008 tp.
1584 1949 1614 1992 a.
1630 1951 1656 1994 s.
1682 1951 1725 1994 m.

79 2025 211 2102 quitur,
238 2028 353 2089 contra
385 2027 596 2104 negligentiae
630 2029 747 2090 vitium
779 2028 879 2090 suerit
933 2025 1094 2101 quatenus
1108 2027 1301 2089 electionem
1313 2028 1501 2104 hujusmodi
1515 2030 1673 2090 decernas
1686 2032 1729 2091 ir-

81 2123 301 2200 promulgata,
319 2127 351 2186 et
365 2123 400 2184 bi
413 2123 479 2185 dici
493 2125 659 2202 nequeant
673 2127 877 2202 negligentes
932 2123 1030 2184 ritam
1046 2125 1078 2184 et
1092 2124 1235 2195 inanem,
1253 2126 1426 2187 universos
1442 2127 1546 2203 ipsius
1571 2129 1634 2188 loci
1650 2131 1726 2190 Mo-

82 2236 183 2298 quum
199 2237 265 2282 non
279 2221 414 2300 possent
426 2221 560 2298 eligere,
578 2223 762 2300 praesertim
777 2240 877 2300 <purim
932 2221 1056 2282 nacbos
1071 2221 1112 2280 ad
1127 2221 1380 2298 relinquendum
1405 2225 1653 2297 monasterium,
1674 2228 1727 2288 vel

81 2335 123 2382 ex
147 2319 259 2380 dilecti
284 2318 306 2379 Ι.
334 2335 366 2380 n.
395 2319 426 2380 b.
456 2319 544 2381 tituli
572 2321 678 2382 sancti
692 2321 830 2383 ioannis
846 2323 878 2383 et
931 2317 973 2378 ad
989 2317 1172 2380 taciendam
1188 2319 1437 2396 professionem,
1454 2321 1633 2394 uidebant,
1651 2341 1725 2386 mo-

81 2415 177 2477 Pauli
190 2414 377 2495 presbyteri
404 2417 494 2478 card.
524 2417 691 2490 mandata,
716 2419 874 2491 nostram,
932 2415 1057 2478 uitione
1072 2417 1254 2493 praemissa,
1272 2433 1331 2494 per
1350 2433 1509 2480 censuras
1524 2420 1728 2484 ecclesiasti-

81 2513 132 2575 vel
147 2517 220 2591 eJus
234 2514 428 2576 tenerentur
437 2515 606 2577 licentiam
621 2517 800 2593 postulare.
930 2529 999 2585 cas,
1015 2513 1236 2590 appellatione
1250 2515 1375 2575 remota
1400 2516 1636 2592 compellendo.

374 1085 509 1152 CAPUT
531 1091 571 1150 II.

117 2761 157 2840 (a)
172 2763 276 2824 Abbati
290 2767 439 2839 stirpensi.
455 2767 576 2826 Abbatie
588 2776 616 2827 ct
628 2771 792 2829 Conventus
805 2771 874 2829 Stir-

968 2765 1009 2841 tp)
1025 2767 1174 2826 Pertransi
1188 2767 1321 2838 episcopo.
1339 2767 1391 2826 llic
1403 2777 1447 2826 est
1459 2769 1504 2826 ille
1520 2785 1645 2828 maenus
1659 2773 1728 2831 Con-

81 2839 175 2907 pensis
202 2837 313 2895 ordinis
345 2840 436 2896 sancti
464 2841 636 2913 Augustini,
661 2841 877 2900 lemovicensis
931 2825 1017 2896 radus
1031 2839 1225 2897 cisterciensis
1240 2839 1358 2910 ordinis,
1372 2841 1420 2912 qul
1436 2841 1527 2931 primo
1538 2813 1726 2909 villariensis,

83 2907 223 2978 dioecesis,
237 2910 317 2978 alies,
329 2911 420 2967 sancti
436 2911 511 2967 Petri
528 2910 563 2968 de
578 2912 680 2982 Stirpo.
698 2912 788 2985 liujus
802 2927 874 2984 praa·

79 2978 170 3120 mlo
177 2979 276 3038 scribit
286 2982 356 3049 Yvo,
364 2981 455 3052 Epist.
468 2982 512 3050 es,
520 2982 617 3055 vulgo,
625 2983 796 3056 t’aaaapecte
806 2984 876 3042 t’iis·

118 3145 156 3230 (tl
171 3149 214 3206 lie
239 3149 378 3206 baldetta.
407 3149 460 3207 llic
481 3157 526 3232 ast
544 3151 684 3233 prioratus
702 3160 817 3210 curatus
839 3151 875 3210 de

82 3217 206 3276 Exidolio
232 3218 399 3291 dependens
423 3235 438 3278 a
468 3220 541 3278 dicta
573 3221 685 3279 abbatia
710 3224 873 3296 stirpensis,

81 3289 203 3363 vulgate
216 3291 334 3362 prieme'
345 3290 589 3350 Creriddaident.

115 3385 148 3512 ἵ)
166 3389 264 3444 sancet
279 3389 401 3446 iuliani.
430 3388 609 3472 legendum,
625 3391 720 3448 Sancti
740 3391 871 3448 inritant.

83 3457 117 3514 Ur
136 3465 205 3515 sest
220 3457 352 3517 diaecesis
366 3461 588 3527 lemovicensis,
610 3461 657 3517 cui
672 3477 776 3518 nomen
797 3462 875 3520 dedit

82 3531 352 3600 sanctnsJunianus,
373 3531 491 3588 eremite
506 3532 675 3604 Aquitanas,
695 3547 780 3604 quem
796 3533 871 3605 Pipi·

81 3611 131 3656 nus
145 3601 306 3673 Aquinate
321 3615 370 3657 rex
383 3601 529 3658 miraculis
536 3603 644 3658 clarum
661 3603 767 3674 templo
782 3603 872 3660 bono·

82 3669 156 3740 ravit,
173 3680 200 3729 et
218 3685 331 3728 sacrum
346 3671 384 3728 ibi
399 3687 448 3730 cor
469 3687 502 3729 us
518 3688 568 3746 per
578 3673 780 3745 sigibrandum
796 3676 871 3747 epis·

81 3755 176 3811 copam
199 3742 411 3800 Pictavieusern
457 3743 540 3800 sierri
558 3745 676 3801 curavit.
697 3745 869 3818 Martyrolo·

81 3811 152 3880 piam
165 3813 347 3870 Gallicanam
367 3814 400 3870 15
414 3815 587 3873 Νουεηιὺνὶε.

113 3909 234 3978 N.Quod
243 3909 400 3984 agitarhoc
414 3925 479 3984 cap.
494 3920 603 3970 certare
615 3912 798 3971 videturcum
807 3913 871 3988 jure

81 3984 222 4040 communi
247 3989 276 4038 et
304 3983 428 4054 antiquis
452 3983 624 4050 canonibus,
641 3984 743 4057 quibus
769 3986 871 4044 electio

83 4049 185 4110 abbatis
200 4051 238 4110 ad
264 4055 469 4111 monasterium
491 4055 623 4127 pertinet,
640 4069 691 4112 seu
706 4071 869 4130 cougrega-

83 4120 191 4195 tiouem,
207 4140 271 4180 can.
288 4125 430 4192 Aetatem,
441 4125 519 4196 l8,p.
535 4127 560 4183 2.
578 4125 657 4183 idem
670 4124 866 4210 inepiscopis,

84 4192 176 4262 quibus
188 4193 330 4268 eligendis
345 4196 429 4253 trium
441 4197 581 4254 meusium
593 4196 784 4268 praescribitur
795 4205 867 4254 tem·

84 4275 206 4332 puscan.
218 4281 367 4323 sacrorum
377 4273 406 4323 ot
417 4283 479 4322 can.
488 4269 660 4336 obeuntibus,
673 4269 707 4325 63
719 4269 796 4334 ctist,
805 4283 867 4341 cap.

83 4347 114 4387 ae
126 4349 177 4404 pro
196 4338 315 4408 desecta
331 4339 364 4394 de
386 4339 473 4394 lilect.
491 4338 617 4410 Reliquis
640 4354 709 4396 vero
724 4339 826 4395 officiis
843 4348 870 4397 et

82 4400 261 4530 dignitatibus
273 4423 324 4464 sex
338 4423 453 4466 menses
467 4407 578 4480 dautur,
593 4410 715 4466 concilio
736 4411 867 4467 Laterau.

931 2909 1056 2973 secundo
1066 2912 1301 2978 clarevallensis,
1317 2919 1416 2983 postca
1431 2913 1625 2969 bisterciensis
1637 2915 1728 2970 extitit

930 2979 1028 3050 abbas,
1049 2989 1077 3038 et
1095 2981 1210 3039 demum
1226 2983 1391 3038 Portueasis
1406 2981 1557 3055 episcopus
1573 2983 1727 3042 cardinalis

930 3051 965 3108 ab
981 3053 1107 3110 Horrorio
1128 3054 1178 3118 ΙΙΙ,
1201 3067 1276 3110 enno
1300 3053 1380 3119 talo,
1404 3061 1527 3124 creatus,
1548 3052 1615 3112 obiit
1633 3056 1727 3115 clarus

930 3123 1075 3180 miraculis
1103 3123 1132 3180 in
1156 3123 1283 3197 pertibus
1309 3125 1523 3195 transmarinis,
1548 3133 1612 3197 post
1632 3128 1728 3184 varias

929 3194 1100 3268 legationes,
1120 3195 1150 3250 iu
1180 3195 1363 3252 Germaniam
1389 3211 1502 3278 quoquc
1529 3197 1649 3266 missus,
1679 3197 1726 3255 ubi

929 3271 996 3322 tunc
1019 3265 1143 3339 degebat
1164 3264 1278 3337 quando
1303 3267 1445 3323 llouorms
1470 3265 1726 3341 banc'Epistslam

929 3335 969 3394 illi
983 3337 1105 3410 scripsit,
1120 3351 1196 3393 anno
1213 3338 1292 3394 1227.

964 3415 1001 3488 (ei
1024 3417 1121 3473 Sancti
1142 3416 1293 3474 Marrsneti.
1321 3415 1440 3472 abbatia
1466 3417 1557 3472 sancti
1585 3417 1725 3474 nicostrati

928 3487 1014 3554 Scoti,
1029 3487 1112 3558 primi
1124 3487 1265 3542 'tullensis
1279 3486 1404 3557 episcopi
1420 3485 1561 3542 lticlrardo
1585 3487 1620 3543 de
1639 3489 1723 3545 Wes-

927 3557 1087 3630 senburgo,
1102 3563 1145 3614 est
1158 3557 1187 3612 in
1200 3556 1342 3613 suburbiis
1357 3556 1495 3612 Tulleusis
1508 3556 1639 3627 civitatis,
1656 3559 1727 3615 ordi-

927 3628 973 3684 nis
985 3629 1013 3686 S.
1027 3627 1181 3696 Benedicti,
1197 3629 1285 3700 vulgo
1297 3627 1373 3684 saint
1386 3628 1500 3684 ltnnsn.

963 3699 1087 3768 Quaestio
1109 3705 1152 3754 est
1175 3697 1210 3754 de
1235 3696 1377 3754 monacho
1400 3712 1457 3754 noa
1481 3696 1620 3770 professo,
1645 3707 1673 3757 ct
1696 3701 1724 3758 in

927 3769 1058 3828 abbatem
1070 3771 1160 3826 electo
1174 3767 1351 3826 amonachis
1361 3768 1493 3826 similitor
1509 3785 1566 3827 aon
1576 3769 1722 3900 Erotessis.
1748 3783 1750 3786 ·

926 3841 1042 3900 Mandat
1068 3841 1210 3898 Honorius
1239 3841 1388 3898 Portaensi
1412 3841 1547 3913 episcopo
1597 3842 1721 3912 onrado,

924 3912 1097 3986 apostolicae
1116 3911 1192 3968 sedis
1207 3913 1313 3984 legato,
1333 3920 1364 3968 ut
1386 3910 1462 3968 hanc
1475 3912 1644 3970 electionem
1660 3915 1722 3972 irri-

926 3992 983 4041 tem
996 3983 1139 4052 decernat,
1165 3989 1194 4040 et
1215 3982 1270 4039 hoc
1291 3989 1334 4040 est
1354 3982 1390 4039 de
1407 3983 1470 4054 jure
1486 3985 1642 4053 cornmuui,
1658 4003 1721 4043 can.

924 4057 1065 4122 Aetatem,
1082 4055 1127 4122 18,
1141 4069 1166 4126 q.
1181 4055 1208 4120 1,
1224 4061 1252 4110 et
1267 4053 1331 4110 idco
1345 4054 1529 4110 innocentius
1548 4057 1599 4124 ΙΙΙ,
1613 4057 1642 4110 in
1658 4072 1722 4130 cap.

924 4139 1122 4191 senecensem,
1136 4127 1169 4179 de
1182 4124 1270 4193 elect,
1288 4139 1344 4179 non
1355 4123 1475 4250 Brotessi
1491 4123 1593 4180 iactam
1607 4127 1721 4183 electio·

926 4211 990 4252 uem
1014 4193 1049 4250 ad
1072 4195 1226 4266 prioratum
1247 4195 1339 4250 saneti
1378 4195 1429 4249 etri
1446 4197 1622 4252 Lucaneusis
1641 4197 1719 4252 inbr-

924 4265 1058 4322 maudam
1075 4279 1138 4321 esse
1153 4263 1295 4334 decernit;
1317 4265 1448 4390 ‹paamvis
1470 4264 1555 4389 leriga
1574 4265 1635 4336 jam
1650 4281 1719 4323 cou-

924 4334 1321 4408 suetudineabbatesnonpro
1335 4334 1515 4390 assilustituti
1534 4333 1645 4392 'cissent
1656 4340 1721 4408 quia

924 4409 988 4466 talis
996 4403 1171 4464 consuetudo
1186 4414 1229 4464 est
1241 4407 1333 4479 potius
1341 4405 1511 4477 corruptela,
1523 4420 1585 4477 quae
1596 4407 1652 4463 vim
1664 4423 1720 4465 uon

84 4487 112 4530 su
146 4477 306 4537 Alexandro
323 4481 372 4548 ΙΙΙ,
395 4495 458 4552 cap.
474 4481 565 4537 nnita.
589 4482 623 4536 de
636 4493 753 4536 concess.
771 4481 867 4550 praa,

82 4557 140 4616 cap.
155 4549 282 4620 dilectus,
306 4551 355 4606 eod
378 4551 429 4607 tac
451 4550 508 4619 tit,
525 4549 574 4607 scd
588 4565 674 4622 quttm
702 4552 869 4624 praepositus

82 4625 161 4674 cent
174 4621 347 4693 estcollegii‚
366 4628 397 4678 ut
411 4621 440 4677 iu
460 4620 515 4678 hoc
533 4636 611 4690 casu,
627 4636 662 4678 an
678 4637 729 4678 sex
743 4637 866 4692 menses,

84 4631 191 4746 vestros
206 4692 380 4763 exiguntur?
392 4691 504 4748 videtur
518 4691 594 4764 quod
607 4699 673 4760 tres,
694 4693 759 4764 quia
776 4695 864 4766 aeatti-

923 4477 1720 4550 habet,capadnostrcrn,ciacoasuct.ctquodsingulare

923 4551 1005 4608 ostiu
1018 4565 1052 4606 eo
1063 4565 1125 4621 cap.
1138 4565 1201 4604 curn
1217 4564 1342 4614 ceresam,
1359 4549 1382 4604 si
1398 4548 1509 4620 legatur
1524 4548 1677 4621 integrum,
1690 4557 1720 4607 ut

924 4631 966 4678 est
980 4621 1007 4678 iu
1029 4622 1045 4678 3
1070 4620 1280 4688 compilatione,
1302 4617 1422 4675 retertur
1442 4617 1622 4691 privilegium
1636 4619 1720 4704 liujus

923 4692 1088 4749 monasterii
1101 4689 1197 4759 luisse,
1219 4697 1249 4746 ut
1261 4689 1355 4747 nullus
1370 4697 1581 4762 preponeretur
1597 4691 1625 4748 ia
1642 4707 1717 4762 pno-

84 4769 188 4826 paratur
206 4761 311 4828 abbati,
328 4763 401 4819 sicut
413 4771 440 4819 et
455 4762 591 4831 decanus,
610 4763 639 4819 iu
653 4778 717 4835 cap.
735 4766 760 4830 1,
776 4765 808 4820 rie
822 4769 866 4821 ct.
923 4779 994 4830 rem,
1019 4761 1074 4818 nisi
1098 4760 1133 4817 de
1160 4761 1305 4818 communi
1318 4759 1434 4817 fratrum
1457 4775 1609 4831 consensu,
1635 4764 1677 4820 vel
1703 4780 1719 4821 a

83 4831 213 4898 etqttalit.
234 4832 314 4900 Quod
335 4835 363 4889 in
380 4834 443 4891 eliis
464 4832 650 4907 dignitatibus
677 4833 866 4905 interioribus,
922 4833 1044 4890 sanioris
1071 4832 1181 4890 consilii
1206 4839 1295 4905 parte.
1323 4831 1482 4914 Bernartius
1500 4833 1654 4915 'papiensis
1681 4835 1719 4892 ibi

26 4913 29 4923 ·
85 4903 110 4952 et
122 4904 314 4970 personatibus
326 4904 420 4961 locum
436 4904 542 4962 babere
564 4920 621 4962 non
641 4905 734 4974 debet,
756 4913 784 4962 et
804 4903 868 4963 ideo
922 4912 999 4962 recte
1020 4905 1129 4976 quierit,
1155 4903 1191 4960 ad
1212 4901 1280 4975 quid
1300 4904 1355 4960 talc
1376 4903 1569 5030 privilegium,
1591 4921 1656 4963 cum
1682 4907 1719 4962 sit

83 4971 181 5048 optinre
195 4976 292 5048 glossa
308 4975 336 5031 in
355 4974 430 5032 dicto
449 4991 511 5048 cap.
528 4978 620 5045 ranila,
638 4978 717 5048 pouit
732 4975 866 5034 ditiercn·
919 4976 991 5049 iuris
1012 4975 1173 5032 communis
1187 4991 1197 5030 .·
1212 4982 1240 5032 et
1261 4975 1400 5030 rationem
1419 4973 1468 5030 red
1491 4977 1520 5043 it,
1546 4977 1612 5048 qaia
1641 4977 1717 5048 arrad

85 5043 146 5097 tram
169 5045 240 5102 inter
262 5047 413 5118 primarias
432 5047 596 5120 dignitates,
618 5055 647 5104 et
675 5048 811 5118 rniuoras,
840 5049 867 5105 in
923 5047 1072 5174 privilegio
1093 5054 1208 5104 cautum
1232 5054 1285 5112 est,
1302 5053 1330 5102 et
1344 5045 1526 5117 singulariter
1545 5047 1718 5119 promittitur

84 5123 194 5179 quemm
216 5117 354 5174 electione
380 5133 431 5174 sex
455 5133 569 5176 meuses
592 5118 704 5187 aeritur,
730 5133 765 5175 eo
792 5119 867 5192 quod
923 5119 985 5190 plus
998 5132 1030 5174 so
1041 5123 1069 5174 et
1082 5117 1184 5185 timeri,
1206 5124 1237 5173 ut
1261 5115 1297 5172 de
1318 5123 1384 5172 voto
1397 5131 1452 5187 quo
1468 5117 1503 5172 atl
1520 5115 1633 5174 ordines
1649 5133 1713 5190 pro-

85 5191 164 5240 morae
174 5189 328 5257 periculum
343 5189 438 5245 minus
450 5189 496 5258 sit,
510 5204 572 5261 cap.
582 5190 739 5257 constater,
750 5189 865 5249 dcelect.
922 5188 1056 5246 movendi
1089 5187 1315 5261 adstringuntur,
1342 5188 1370 5244 iu
1395 5203 1657 5269 ccrrnpuanpneat,
1682 5191 1716 5247 13

85 5248 138 5330 b'ec
150 5269 200 5314 nos
215 5267 309 5316 movet
321 5273 384 5332 cap.
399 5275 462 5316 cnm
476 5265 582 5316 nostres
594 5261 626 5320 dc
638 5276 757 5318 concess.
769 5263 865 5330 praa,
921 5262 998 5328 ctist,
1015 5275 1072 5315 aton
1096 5265 1161 5316 ante
1186 5259 1300 5315 tenoris
1324 5263 1554 5314 corcsecratconcnr
1583 5261 1714 5331 accipiat,

85 5334 111 5376 tn
125 5339 177 5394 quo
201 5331 294 5402 egitur
308 5329 344 5387 de
364 5332 560 5403 praepositura,
580 5347 644 5404 atrae
664 5333 778 5388 vacavit
793 5340 864 5388 teur-
921 5347 1005 5403 priam
1025 5331 1126 5401 placiti
1147 5331 1193 5386 sni
1216 5329 1395 5386 adnotatione
1420 5330 1579 5398 promittat,
1605 5330 1633 5387 id
1659 5341 1712 5400 est,

86 5403 148 5459 bore
165 5404 266 5457 statuto
288 5416 338 5472 per
353 5404 545 5458 iateranense
569 5403 720 5459 concilium
741 5403 770 5458 in
792 5403 867 5460 dicto
921 5405 1077 5472 scripturn,
1102 5415 1154 5458 seu
1177 5401 1362 5528 clirogruplro
1382 5414 1432 5482 pro
1456 5401 1631 5474 syngrapha,
1651 5419 1714 5486 qum

85 5473 142 5544 top.
157 5470 245 5539 trulla,
263 5469 358 5542 idest,
375 5487 425 5544 per
437 5486 486 5530 sex
497 5487 612 5529 menses
625 5490 632 5529 ;
646 5487 759 5530 nemco
771 5474 825 5530 loci
840 5482 868 5531 et
922 5473 977 5530 boc
997 5473 1059 5530 loco
1073 5487 1131 5528 non
1152 5479 1195 5528 est
1210 5487 1247 5528 uu
1270 5486 1283 5528 a
1300 5469 1449 5543 professio,
1466 5471 1515 5527 sed
1535 5471 1626 5541 tir-rna,
1643 5481 1715 5530 sicut

87 5535 224 5616 similibus,
236 5543 354 5613 quaestio
368 5549 412 5600 est
424 5542 459 5600 de
481 5546 675 5616 praepositura,
687 5545 735 5600 val
748 5545 810 5602 aliis
823 5544 865 5602 di·
922 5560 986 5617 que
1007 5544 1038 5600 iit
1056 5557 1105 5614 per
1124 5543 1335 5614 stipulationem
1357 5549 1385 5598 ct
1403 5544 1575 5624 cautionem,
1599 5544 1617 5599 l.
1638 5545 1714 5626 ,sient

86 5609 230 5684 genetibus
244 5629 306 5685 quae
318 5629 377 5672 uon
389 5616 555 5687 sumcapita
569 5615 770 5685 ecclesiarum,
786 5624 814 5673 et
829 5617 866 5674 itu
921 5621 1004 5673 certo.
1033 5615 1216 5683 Coramoctati,
1243 5620 1273 5670 ut
1298 5612 1334 5670 de
1362 5611 1532 5694 obedientia·
1545 5629 1608 5684 quae
1633 5629 1712 5685 pura·

86 5681 164 5756 ettam
179 5684 260 5742 sentit
274 5687 501 5756 panormitanus,
518 5693 545 5743 ct
557 5693 694 5759 postcom
708 5687 764 5756 atii,
783 5695 867 5760 atqtre
921 5693 1019 5744 monto
1031 5691 1179 5757 prestatur
1194 5685 1326 5758 praetatis,
1340 5699 1402 5742 aaa
1416 5685 1443 5739 in
1458 5685 1593 5753 arrrrnbns,
1605 5684 1637 5740 de
1647 5700 1711 5742 coa·

87 5753 164 5805 ettam
176 5753 355 5828 pragmatici.
920 5762 1034 5826 sacrat,
1050 5757 1115 5812 ata.
1129 5757 1155 5813 ii.
