4004 6302
269 301 329 380 raa
736 295 913 360 nouonn
935 295 981 358 111
1002 295 1152 360 orsas.
1167 323 1208 340 -
1223 291 1457 356 sunnonis.
1570 257 1573 264 ’
1868 298 1932 360 ⁸00

268 455 384 540 gaudii
396 455 564 522 Romanus
576 455 732 520 Pontifex
741 455 804 520 fuit
812 457 978 532 inventor,
991 457 1070 537 qula
1124 453 1192 517 sint
1218 452 1253 516 in
1279 452 1475 518 conhisione
1496 467 1645 532 operum,
1668 453 1705 520 ln
1732 453 1931 522 confusione

140 593 143 598 ,
206 619 208 623 ,
268 557 341 636 ipse
360 555 459 619 hodie
474 571 586 618 rosam
609 571 744 616 auream
765 555 916 618 fidelibus
940 557 1069 634 populis
1123 552 1754 630 tamensuntcogitationum,volentes
1778 555 1930 618 sednon

269 654 496 734 repraesentat,
520 655 554 716 et
575 653 728 716 induitur
752 654 829 716 aliis
850 655 1067 727 vestimentis,
1124 650 1273 712 valentes
1287 650 1420 712 oculum
1433 651 1555 712 mentis
1570 651 1612 713 ad
1634 653 1754 714 coelum
1769 653 1928 730 dirigere,

269 754 303 815 et
316 752 416 814 habet
427 753 559 814 mitram
574 752 647 813 auri
662 751 842 828 frigiatam.
855 752 1010 814 Pontifex
1018 754 1071 814 te-
1123 748 1308 811 licetinviti
1321 765 1380 826 per
1394 747 1508 810 inania
1521 748 1759 812 distrahantur.
1772 751 1930 813 Flumina

269 852 325 914 net
341 851 446 912 vicem
468 849 601 911 Christi.
617 851 733 912 Vestes
756 849 945 926 significant
966 866 1069 912 mun·
1124 845 1926 923 ergoliabylonissuntperversaeconsnetudines,

269 949 330 1011 das
346 948 556 1026 operationes
570 947 624 1009 vel
645 947 796 1009 laetitiam
816 948 946 1010 mentis.
970 948 1069 1010 Mitra
1123 959 1197 1021 quae
1237 943 1314 1005 dum
1357 945 1536 1006 occurrunt
1574 945 1744 1008 memoria
1787 947 1926 1019 nostrae,

268 1047 343 1108 auri
358 1045 492 1121 frigiata
507 1046 557 1107 est
572 1043 715 1106 caelestis
730 1045 827 1122 regni
845 1046 964 1122 gloria.
1123 1040 1262 1103 currunt
1288 1042 1400 1104 umen
1424 1040 1458 1103 et
1483 1058 1566 1120 quos
1587 1042 1749 1104 seducunt
1769 1045 1805 1104 in
1832 1059 1928 1106 mare

307 1146 346 1206 Iu
371 1143 435 1206 hoc
463 1159 542 1220 ergo
569 1142 779 1220 significatur
804 1143 890 1221 quod
917 1143 1068 1228 Christus
1123 1139 1249 1201 saculi.
1271 1141 1309 1202 In
1330 1139 1385 1200 his
1405 1139 1598 1202 fluminibus
1624 1141 1777 1203 oriuntur
1791 1141 1925 1213 salices,

266 1240 408 1314 mundus
430 1240 492 1304 fuit
513 1241 550 1302 in
571 1257 682 1318 opere,
707 1241 804 1304 laetus
821 1242 912 1304 venit
929 1241 970 1304 ad
985 1259 1067 1320 pas·
1123 1236 1219 1310 idest,
1243 1235 1368 1299 debiles
1394 1239 1428 1300 et
1451 1237 1666 1300 infructuosae
1695 1238 1926 1316 cogitationes,

267 1338 406 1410 sionem,
422 1341 456 1402 et
468 1338 586 1400 habuit
601 1340 837 1416 repromissam
854 1339 920 1402 sihi
934 1356 955 1402 a
969 1341 1068 1402 Patre
1122 1335 1158 1396 in
1172 1334 1382 1413 quibusdum
1398 1351 1456 1412 per
1472 1335 1587 1398 inania
1602 1335 1833 1411 distendimur,
1848 1353 1928 1398 sus·

266 1436 435 1498 coelestem
449 1437 601 1512 gloriam.
614 1437 839 1516 Aliter:quod
853 1437 1009 1501 Pontifex
1019 1439 1069 1500 est
1122 1432 1296 1510 pendimus
1316 1448 1337 1495 a
1363 1433 1461 1495 laude
1486 1434 1548 1496 Dei
1573 1433 1673 1496 corda
1699 1436 1825 1508 nostra,
1850 1451 1926 1512 qnae

267 1534 405 1596 indutus
421 1535 575 1612 pretiosis
594 1535 807 1609 indumentis,
828 1537 862 1598 et
879 1537 978 1598 mitra
993 1536 1067 1598 auri
1123 1545 1248 1608 organa
1263 1529 1372 1592 laudis
1386 1532 1464 1594 ante
1474 1531 1686 1610 conspectum
1696 1532 1755 1594 Dei
1765 1549 1926 1598 resonare

267 1631 401 1708 frigiata
439 1633 632 1706 coronatur,
668 1632 731 1696 hoc
761 1633 946 1711 significat,
980 1633 1067 1712 quod
1123 1627 1292 1690 deberent.

267 1728 417 1792 Christus
432 1729 467 1792 in
479 1731 606 1793 coelesti
620 1731 807 1794 Jerusalem
819 1732 992 1794 convinxit
1004 1731 1067 1794 sibi
1163 1730 1230 1790 Deo
1250 1729 1361 1790 autem
1380 1727 1518 1804 gratias,
1534 1727 1592 1806 qui
1606 1727 1696 1791 dedit
1709 1728 1805 1791 nobis
1819 1729 1926 1792 vicio·

264 1842 381 1890 omnes
396 1828 530 1891 sanctos
552 1831 586 1891 et
604 1828 752 1906 angelos,
775 1829 930 1907 quisunt
954 1829 1068 1892 mundi
1122 1824 1206 1886 riam
1228 1841 1289 1902 per
1309 1825 1485 1888 bominum
1508 1827 1658 1888 nostrum
1676 1829 1791 1890 Jesum
1810 1828 1925 1888 Chris·

267 1924 308 1988 ab
324 1926 414 1988 omni
427 1927 568 1989 macula.
583 1926 623 1989 nt
634 1928 685 1988 est
697 1928 805 2004 gloria
822 1928 995 1991 ethonore
1010 1945 1069 1991 co-
1122 1923 1202 1985 tum.
1213 1923 1297 1996 Quia
1305 1924 1497 2000 siingerant
1504 1940 1540 1986 se
1547 1924 1644 1986 malae
1653 1925 1922 1999 consuetudines,

265 2026 415 2094 ronatus,
440 2023 518 2101 quia
544 2025 615 2102 ipse
641 2027 691 2087 esi
717 2027 789 2089 Rex
810 2040 925 2101 regum
945 2027 978 2087 et
996 2029 1066 2088 Ι)θ·
1121 2037 1189 2082 non
1213 2022 1324 2084 mmeu
1346 2021 1541 2086 'insedimus
1575 2023 1632 2085 sed
1670 2023 1924 2101 supersedemus

265 2120 377 2184 minus
397 2121 649 2184 dominantium.
672 2123 730 2184 Est
753 2123 853 2184 etiam
873 2123 939 2185 alia
952 2140 1065 2198 causa,
1122 2118 1315 2182 fluminibus
1337 2120 1526 2198 Babylonis,
1552 2121 1631 2198 quia
1654 2121 1823 2184 dulcedini
1845 2121 1923 2185 vitae

265 2218 345 2297 quia
359 2222 447 2281 Deus
461 2219 533 2282 vult
544 2219 711 2282 consolari
726 2236 786 2282 nos
808 2221 843 2282 in
864 2221 938 2300 ipso
953 2221 1067 2284 labore
1122 2216 1307 2287 saecularis,
1323 2217 1356 2280 et
1370 2217 1551 2296 alloquenti
1573 2219 1736 2282 obmutuit
1749 2219 1874 2293 anima,
1889 2221 1924 2281 et

261 2315 383 2394 jejunii
411 2315 452 2377 de
478 2332 622 2395 superna
646 2318 927 2391 remuneratione,
956 2319 993 2382 ut
1019 2319 1068 2381 si·
1121 2315 1295 2378 obsurduit
1304 2316 1485 2389 revocanti,
1495 2315 1744 2395 blandientique
1761 2317 1923 2380 induruit.

265 2429 338 2484 mus
364 2413 447 2476 certi
471 2413 557 2492 quod
581 2413 796 2491 regnabimus
824 2432 898 2478 cum
923 2416 1064 2492 Christo,
1121 2412 1181 2474 His
1210 2412 1315 2489 igitur
1340 2412 1543 2476 vanitatibus
1582 2413 1750 2492 impediti,
1776 2430 1846 2477 non
1872 2415 1924 2478 est

261 2510 323 2587 ⁴qui
337 2511 434 2572 modo
447 2510 628 2589 affligimus
640 2527 780 2590 corpora
792 2514 1063 2592 nostrajojuniis.
1120 2509 1241 2572 mirum
1263 2510 1432 2573 sitiemus
1461 2511 1676 2574 recordantes
1705 2513 1796 2586 Sion,
1822 2512 1921 2588 idest,

260 2608 360 2671 Unde
373 2609 550 2686 Apostolus
566 2631 574 2672 ε
590 2613 628 2674 Si
641 2612 874 2686 compotimur
887 2612 921 2675 et
939 2627 1065 2675 conne—
1120 2608 1368 2670 admemoriam
1383 2609 1579 2672 reducentes
1601 2609 1696 2672 illam
1711 2609 1920 2685 suavitatem,

262 2709 446 2782 amabimus
469 2705 592 2788 (Rom,
607 2723 682 2779 v111,
703 2706 767 2788 17).
784 2710 877 2782 Quod
897 2725 1065 2788 exponens
1120 2705 1268 2784 illudque
1289 2707 1420 2785 saporis
1440 2707 1716 2771 oblectamentum
1732 2709 1818 2786 quod
1834 2725 1923 2787 prae-

263 2803 346 2866 alibi
359 2804 460 2867 dicit:
476 2806 572 2868 seen
589 2808 673 2868 socii
683 2811 887 2882 passionum
901 2809 998 2881 estis,
1017 2811 1067 2870 stc
1120 2805 1255 2881 gustant
1275 2820 1334 2883 spe
1341 2805 1500 2868 tutatores
1514 2807 1579 2880 illi,
1595 2806 1652 2884 qui
1673 2806 1821 2870 revelata
1836 2806 1922 2869 facie

263 2903 364 2970 eritis
385 2904 420 2966 et
436 2905 707 2967 consolationum
721 2902 767 2985 (II
781 2907 855 2968 Gor.
873 2922 897 2978 1,
917 2903 981 2986 17).
998 2908 1066 2968 Lo·
1121 2902 1290 2964 merentur
1301 2903 1447 2980 spectari
1468 2903 1611 2980 gloriam
1626 2905 1696 2966 Dei.
1715 2907 1846 2980 inseite
1859 2919 1921 2981 epo

262 3015 339 3062 curn
361 3001 575 3063 considerare
592 3001 761 3076 debemus,
778 3004 857 3081 quia
871 3003 936 3066 ista
951 3003 1067 3066 Eccle-
1118 3003 1241 3064 borno!
1265 3004 1343 3076 quis
1369 3017 1425 3064 nic
1452 3005 1608 3066 liberabit
1628 3005 1670 3064 de
1688 3006 1776 3080 jugo
1796 3003 1922 3064 mortis

258 3097 315 3160 sia
331 3114 405 3176 quae
417 3098 540 3160 dicitur
557 3101 672 3164 sancta
683 3101 881 3173 Jerusalem,
899 3100 1066 3178 significat
1119 3096 1345 3179 nudusfflom.
1361 3097 1503 3180 v11,2‹t).
1524 3099 1589 3162 Aut
1612 3099 1744 3178 quando
1759 3100 1921 3162 insultare

262 3195 356 3258 illam
375 3195 542 3258 coelestem
561 3198 758 3270 Jerusalem,
775 3215 850 3278 quaa
863 3200 1066 3279 interpreta-
1120 3195 1244 3273 possim
1268 3196 1505 3260 insultantibus
1534 3197 1631 3259 modo
1659 3197 1741 3258 mihi
1768 3197 1921 3259 hostibus

261 3292 318 3354 tur
328 3293 414 3356 sisio
427 3295 529 3371 pacis,
546 3295 624 3372 quia
637 3295 683 3358 ibi
698 3296 749 3358 est
763 3312 830 3374 pax
846 3297 919 3359 sine
934 3297 1064 3360 discor·
1120 3294 1214 3368 meis,
1225 3294 1355 3373 quibus,
1366 3295 1575 3372 exigentibus
1583 3295 1815 3373 iniquitatibus
1823 3296 1918 3370 meis,

259 3388 329 3463 dia,
347 3390 393 3454 ibi
408 3393 457 3454 est
470 3391 540 3454 dies
563 3392 635 3454 sine
654 3394 761 3467 nocte,
778 3394 825 3455 ibi
847 3395 976 3458 estvita
992 3396 1064 3457 sine
1119 3393 1229 3469 posuit
1250 3408 1302 3455 me
1325 3395 1412 3455 Deus
1433 3393 1469 3455 in
1492 3391 1762 3457 subsanationem
1781 3394 1814 3455 et
1830 3393 1923 3456 deri-

262 3491 380 3563 morte,
394 3488 434 3551 de
448 3505 512 3567 qua
528 3489 607 3552 dicit
620 3493 798 3569 Apostolus
814 3514 822 3553 ε
838 3497 901 3556 Ida
914 3495 1063 3558 Jerusa-
1119 3507 1203 3564 sum,
1229 3490 1410 3553 humilians
1434 3506 1485 3554 me
1511 3491 1547 3553 in
1570 3491 1644 3555 loco
1665 3491 1869 3562 afflictionis,
1884 3493 1921 3555 in

260 3591 329 3649 iem
343 3603 420 3662 quae
432 3603 575 3653 sursum
590 3590 642 3652 est
653 3593 771 3664 libera,
787 3607 864 3666 qam
881 3592 934 3654 est
950 3593 1065 3654 mater
1119 3604 1183 3668 quo
1198 3587 1370 3667 cooperuit
1382 3605 1434 3650 me
1446 3589 1563 3651 umbra
1577 3591 1716 3652 mortisl

261 3685 384 3747 nostra
398 3683 534 3764 (Galat,
550 3701 598 3758 1v,
611 3685 678 3766 26),
693 3687 772 3765 quia
784 3688 870 3750 sicut
881 3689 962 3751 dicit
975 3692 1065 3768 Apo-
1161 3686 1196 3748 Si
1219 3687 1317 3748 enim·
1330 3687 1520 3749 carnalibus
1542 3687 1711 3752 distrahor
1732 3686 1919 3762 desideriis,

261 3780 366 3842 stolus
381 3801 389 3840 ι
402 3785 481 3844 Non
492 3784 656 3845 babemus
667 3787 722 3845 bic
731 3785 929 3848 monentem
938 3787 1064 3858 civite·
1118 3782 1151 3845 et
1173 3782 1253 3856 illis,
1269 3784 1354 3862 qood
1378 3783 1474 3858 absit,
1496 3785 1679 3860 consentio,
1703 3784 1921 3864 inquantum

261 3877 342 3950 tem,
357 3882 418 3940 sed
430 3879 589 3954 neuram
609 3883 821 3955 inquirimus
842 3882 969 3959 (hebr,
985 3900 1060 3957 x111,
1117 3896 1251 3958 possum
1280 3881 1423 3960 quidem,
1448 3883 1484 3944 in
1509 3883 1615 3946 morte
1643 3899 1737 3961 sum;
1768 3885 1920 3946 mortuus

262 3973 326 4055 14).
343 3977 383 4038 nt
401 3976 438 4038 in
456 3977 516 4039 illa
535 3978 722 4041 Jerusalem
746 3979 874 4043 coelesti
896 3981 1063 4045 videbitur
1116 3978 1231 4057 utique
1255 3979 1288 4042 et
1310 3982 1552 4058 consequenter
1571 3979 1782 4059 sepeliendus
1803 3981 1839 4044 in
1860 3981 1921 4043 in-

260 4089 338 4152 pax,
352 4074 438 4138 idest
449 4077 537 4138 Deus
551 4075 633 4154 ipse,
644 4076 759 4154 dequo
773 4077 853 4141 dicit
862 4080 1040 4157 Apostolus
1052 4101 1074 4166 :¹
1117 4075 1257 4140 ternum.
1267 4077 1303 4140 Si
1313 4080 1423 4142 autem
1433 4079 1580 4142 assultus
1590 4095 1704 4142 eorum
1714 4080 1860 4142 assentio
1869 4077 1920 4161 (1)

260 4175 339 4248 Ipse
362 4174 414 4236 est
436 4188 513 4249 pan
545 4175 688 4247 nostro,
717 4179 776 4250 qui
804 4177 886 4252 secti
914 4180 1062 4254 utraque
1116 4175 1243 4238 nonin
1268 4176 1453 4251 morte,sed
1479 4177 1516 4238 in
1542 4177 1661 4251 umbra
1687 4178 1804 4240 mortis
1826 4194 1916 4252 sum,

259 4283 369 4332 uatum
383 4267 493 4348 (aph,
509 4286 548 4340 11,
563 4269 626 4350 11).
650 4274 696 4332 Ι)θ
716 4288 780 4351 qua
802 4289 884 4350 pace
901 4273 1063 4337 dicitDa-
1116 4273 1195 4335 dum
1221 4272 1372 4337 inanium
1400 4275 1535 4352 pulvere
1563 4276 1800 4354 cogitationum
1828 4276 1921 4338 cali-

259 4366 559 4442 vidzl'iotpoccin
572 4368 702 4432 uirtute
715 4370 786 4442 tna,
801 4370 835 4432 et
850 4373 1062 4436 anunmnna
1116 4371 1196 4448 gant
1218 4372 1307 4436 oculi
1338 4371 1421 4446 mei,
1447 4372 1480 4435 et
1505 4375 1683 4436 revocatur
1707 4374 1869 4436 memoria
1898 4389 1922 4437 a

258 4465 298 4524 in
310 4465 465 4526 turribus
480 4461 628 4544 tuis(Ps.
646 4465 714 4539 121,
731 4465 772 4536 7).
786 4468 901 4528 Turris
919 4484 1061 4546 namque
1115 4469 1292 4533 dulcedine
1318 4470 1378 4532 Dei
1397 4471 1474 4532 mei.
1497 4472 1537 4532 Si
1559 4471 1677 4535 antem
1697 4475 1922 4536 mnbtdavero

257 4559 440 4624 fortissima
464 4561 516 4624 ast
537 4561 707 4640 Christum
731 4563 773 4624 ad
797 4580 871 4626 eam
892 4565 1062 4644 confugiet
1115 4571 1153 4629 in
1166 4572 1278 4632 niedto
1296 4571 1429 4632 umbrie
1446 4570 1571 4632 mortis
1592 4584 1662 4632 aton
1681 4571 1816 4642 timebo,
1834 4585 1924 4644 θυο-

254 4661 367 4736 justus
381 4661 414 4723 ei
428 4659 623 4722 salvabitur.
639 4661 733 4724 Unde
747 4661 782 4722 in
797 4661 857 4724 illo
873 4663 1001 4740 psalmo
1016 4665 1061 4728 lo-
1116 4669 1212 4727 nium
1233 4667 1271 4727 tu
1291 4681 1426 4728 mecum
1446 4682 1483 4730 es
1505 4664 1575 4747 (Pa.
1597 4669 1648 4742 22,
1671 4665 1714 4748 4).
1739 4667 1832 4730 Unde
1854 4667 1923 4732 hoc

256 4757 371 4833 quitur
383 4757 487 4820 David
502 4757 544 4820 ad
558 4759 744 4822 Jerusalem
763 4760 942 4836 coelestem,
965 4765 1061 4840 cujus
1115 4777 1250 4839 sperare
1274 4778 1454 4840 praesumo,
1479 4765 1557 4843 quia
1580 4765 1676 4842 virga
1699 4765 1764 4827 tuae
1779 4781 1921 4830 correc-

257 4853 364 4915 virtus
386 4855 437 4917 est
455 4858 553 4917 Deus.
571 4858 643 4918 Pax
657 4857 722 4919 erit
739 4859 925 4922 Jerusalem
940 4860 1060 4923 invir-
1114 4860 1215 4924 tionis
1243 4862 1277 4923 et
1303 4860 1457 4926 baculum
1478 4863 1545 4925 tuae
1567 4863 1817 4926 sustentationis
1843 4864 1924 4942 ipsa

258 4949 328 5012 tute
339 4951 656 5030 suaquiwitcum
669 4955 1057 5020 Dominounavoluntas.
1113 4974 1167 5021 me
1182 4959 1407 5022 consolantur.
1430 4962 1470 5024 Et
1491 4962 1520 5022 si
1540 4962 1629 5022 enim
1644 4960 1793 5039 corrigas
1807 4961 1841 5024 et
1853 4961 1923 5025 de-

299 5046 473 5110 Civitatem
506 5063 586 5124 ergo
620 5052 769 5114 sanctam
805 5053 992 5116 Jerusalem
1025 5056 1059 5118 in
1113 5056 1239 5135 primas
1270 5057 1460 5135 superbiam
1495 5074 1621 5132 meam,
1655 5058 1843 5122 reducendo
1883 5060 1923 5124 in

257 5141 389 5206 inferno
414 5143 619 5223 paupertatis
651 5145 760 5210 adhuc
792 5151 1059 5226 peregrinantem
1114 5155 1284 5232 pulverem
1303 5156 1431 5227 mortis,
1449 5155 1541 5218 foves
1560 5158 1671 5220 tamen
1685 5157 1790 5218 vitam
1806 5173 1921 5220 meam

259 5241 450 5304 consolatur
461 5243 627 5320 Propheta
639 5242 753 5306 dicens
764 5267 772 5306 ε
784 5247 862 5309 Noli
874 5248 966 5322 flere,
982 5252 1059 5328 quia
1113 5252 1304 5315 sustentans
1318 5267 1382 5324 me,
1394 5269 1436 5316 ne
1449 5270 1603 5316 corruam
1614 5255 1651 5316 in
1663 5255 1772 5318 lacum
1785 5256 1921 5319 mortis.

259 5339 325 5402 cito
348 5338 461 5400 veniet
483 5340 574 5404 salus
588 5340 656 5403 tua.
673 5341 813 5404 Etenim
834 5347 972 5421 :Super
991 5348 1060 5420 ltu·

258 5441 355 5500 ntina
381 5439 563 5511 Bobpmnis
588 5439 655 5501 iilic
676 5442 830 5504 sedimus
848 5443 883 5505 et
899 5444 1059 5516 nevimus
1149 5425 1191 5502 tl)
1212 5429 1253 5488 ita
1273 5429 1351 5488 tiss.
1372 5427 1448 5500 cod,
1466 5429 1513 5488 ubi
1536 5437 1633 5490 tanen
1652 5429 1771 5490 verbum
1790 5435 1919 5492 omissio
1993 5451 1994 5462 ¹

258 5539 341 5598 errr
364 5537 632 5599 recordaremur
654 5537 716 5610 m,
737 5537 904 5619 senos.
925 5539 1057 5622 13n1t·
1113 5515 1170 5556 ‘¹⁰¹'
1181 5500 1464 5642 attrutinat
1475 5503 1922 5648 susustinetis

259 5633 421 5712 Babylon,
446 5631 611 5710 confusio;
635 5634 768 5712 quidam
797 5637 886 5700 enim
907 5639 969 5704 etsi
991 5657 1058 5703 non
1113 5584 1278 5702 &diutione
