3954 6358
538 363 542 372 ¹
572 407 617 476 nt
638 409 842 474 neuturus
864 405 1209 476 sarlatensium.

83 421 136 484 713
1651 415 1710 478 714

82 575 189 644 lautia
200 571 364 652 incipiunt
373 569 430 636 sed
447 571 482 636 in
496 569 621 636 luctum
642 569 809 634 desinunt.
823 573 863 636 nt
916 572 1034 651 quarto
1052 571 1207 650 cingitur,
1225 572 1340 651 quinto
1351 572 1710 647 recalceatur,totidem

82 677 140 739 boc
153 672 296 751 estquod
311 669 433 734 dicitur
444 691 451 731 ε
464 672 582 734 Omnis
595 675 694 734 bomo
704 673 861 746 mosum
916 670 1018 747 igitur
1029 670 1064 732 et
1073 670 1205 734 easdem
1219 670 1366 734 culturas
1381 671 1489 734 vineae
1505 672 1615 734 cordis
1629 689 1709 734 nos-

82 777 196 836 nonum
209 772 330 832 vinum
340 768 449 844 pontt.
472 768 585 830 Omnis
604 767 701 830 homo
714 767 861 830 carnalis
916 767 960 830 tri
975 767 1194 844 spiritualiter
1215 769 1456 845 impendamus.
1479 769 1576 832 Modo
1597 770 1712 831 excal-

82 871 215 948 primum
228 865 351 930 bonum
364 865 478 928 vinum
489 865 595 944 ponit,
610 865 706 939 idest,
728 865 863 928 exhibet
917 877 1050 924 ceamus
1069 863 1202 929 vineam
1221 864 1330 926 cordis
1345 865 1451 927 nostri
1471 866 1605 942 lingone
1620 881 1712 928 com-

80 965 221 1030 lsstittam
248 963 282 1026 et
310 963 484 1026 materiam
517 962 715 1040 gaudiorum
751 963 860 1035 uxori,
917 960 1117 1038 punctionis,
1133 961 1331 1038 inquirendo
1346 964 1379 1026 et
1393 963 1570 1026 scrutando
1581 963 1711 1024 radices

81 1060 264 1141 parentibus
278 1063 313 1124 et
325 1060 454 1124 amicis.
474 1062 514 1123 nrt
528 1075 603 1122 cum
623 1058 779 1124 inebriati
790 1059 864 1124 lue-
917 1059 1106 1120 ncstrarurn
1120 1058 1282 1120 malarum
1298 1061 1545 1136 cogitationum,
1562 1063 1596 1124 et
1607 1077 1712 1124 remo-

81 1160 153 1232 rint,
168 1159 260 1237 ponit
271 1157 304 1220 id
317 1157 404 1236 quod
424 1157 570 1222 deterius
582 1157 642 1231 est,
665 1157 744 1235 quia
758 1157 864 1220 morte
917 1155 1023 1218 vendo
1036 1156 1171 1229 terram,
1192 1155 1278 1219 idest
1292 1157 1397 1218 malos
1410 1157 1566 1219 humores
1583 1159 1616 1221 et
1634 1175 1710 1220 mo-

80 1257 250 1320 accedente
267 1255 324 1318 dat
340 1255 510 1320 tristitiam
527 1253 718 1334 parentibus
732 1253 766 1317 ct
779 1255 865 1316 ami·
917 1252 971 1314 tus
994 1252 1179 1314 carnalium
1197 1253 1404 1332 voluptatum
1424 1256 1457 1318 et
1471 1255 1710 1318 desideriorum

80 1355 134 1418 cis.
147 1354 205 1418 Vel
221 1354 328 1432 potest
342 1353 430 1418 dici:
447 1354 545 1418 Ponit
557 1355 592 1416 id
614 1353 700 1432 quod
718 1351 863 1416 deterius
917 1351 1110 1413 illicitorum
1125 1367 1145 1412 a
1160 1351 1259 1414 corde
1278 1353 1412 1428 nostr03
1430 1353 1506 1431 quia
1522 1353 1607 1416 sicut
1621 1355 1717 1416 terra-

79 1454 136 1525 est,
159 1451 237 1530 quta
262 1452 335 1530 post
349 1452 482 1530 nuptias
497 1453 679 1530 sequuntur
702 1450 865 1514 sollicitu-
918 1447 1053 1525 lingone
1067 1448 1239 1522 scinditur,
1254 1449 1300 1512 ite
1315 1449 1407 1512 durae
1424 1451 1550 1513 mentes
1570 1451 1661 1513 duris
1680 1451 1714 1514 ct

79 1549 177 1622 dines,
199 1548 343 1624 dolores,
367 1548 510 1624 labores,
534 1549 740 1627 suspiciones
760 1548 794 1612 et
811 1548 864 1610 bis
919 1545 1047 1623 asperis
1081 1547 1363 1624 increpationibus
1395 1548 1607 1625 molliuntnr3
1634 1549 1712 1627 quia

79 1645 207 1710 similia.

154 1978 199 2040 IN
221 1977 429 2078 nomilites
450 1975 786 2041 SEPTUAGESIMAE

113 2139 227 2200 simne
241 2135 295 2200 est
309 2151 458 2214 regnum
470 2142 635 2200 coetorum
656 2139 787 2201 rement
803 2151 866 2210 pe-

78 2234 557 2309 tritumtttesqutectttprtmo
568 2237 865 2298 munceonducere

78 2336 253 2406 operarios
270 2335 308 2394 in
325 2336 466 2396 cineum
491 2347 593 2396 suem
615 2329 721 2412 (Matt.
742 2348 800 2404 xx,
817 2330 864 2412 1).

114 2431 196 2490 Sane
213 2429 384 2506 provisum
398 2431 449 2492 est
462 2430 495 2492 et
508 2429 550 2490 ab
559 2429 704 2507 antiquis
716 2428 864 2507 patribus

75 2539 116 2586 ex
129 2525 188 2588 Dei
208 2526 380 2590 voluntate
401 2527 625 2600 constitutum,
645 2529 681 2590 ut
695 2527 781 2591 sicut
801 2527 865 2589 duo

77 2622 201 2685 ordines
229 2623 431 2688 conveniunt
439 2625 476 2686 in
495 2624 654 2698 Ecclesia,
674 2624 804 2688 laicalis
814 2623 867 2686 vi-

77 2719 202 2794 delicet,
210 2721 246 2785 et
256 2721 432 2796 clericalis,
446 2723 480 2784 et
489 2722 564 2784 duae
578 2723 656 2786 ritae
671 2722 741 2784 sive
756 2721 865 2784 activa

77 2817 108 2880 et
126 2819 393 2896 contemplativa,
418 2819 464 2882 ita
485 2836 552 2882 uno
573 2819 755 2898 eodemque
777 2820 865 2883 tem-

77 2929 153 2990 pore
164 2915 365 2992 temporales
378 2916 525 2978 actiones
539 2917 572 2979 et
584 2915 776 2993 spirituales
791 2931 866 2978 cum

77 3010 131 3072 Dei
144 3012 264 3074 timore
281 3013 314 3075 et
328 3012 491 3076 charitate
508 3013 663 3076 similiter
678 3029 865 3076 exercean-

75 3106 135 3170 tur.
151 3109 247 3172 Unde
270 3110 361 3173 scitis
379 3109 465 3189 quod
489 3111 588 3188 coepit
615 3111 712 3172 modo
735 3111 865 3188 tempus

76 3200 113 3263 de
126 3203 257 3266 cultura
269 3205 454 3278 vinearum,
468 3207 504 3268 ut
516 3205 557 3267 de
571 3206 701 3268 cultura
713 3205 749 3266 in
763 3205 868 3268 cultu-

75 3315 141 3362 ram
164 3301 329 3378 paulatim
357 3303 544 3366 successive
568 3303 786 3380 procedendo,
813 3319 868 3364 se-

74 3399 213 3460 cundum
240 3399 326 3477 quod
349 3401 479 3478 tempus
501 3401 662 3478 exposcit,
685 3401 866 3478 expectatae

76 3495 250 3560 inuenies
267 3497 410 3560 fructum
424 3513 570 3574 congruo
584 3499 733 3576 tempore
748 3496 867 3560 cultori

73 3607 129 3654 sno
144 3593 247 3656 vinea
265 3595 392 3659 reddat.
418 3596 578 3658 Similiter
589 3595 686 3658 modo
707 3594 869 3672 contingit

72 3690 154 3754 etde
168 3692 273 3756 vinea
287 3693 464 3770 spirituali.
488 3693 586 3757 Modo
605 3693 723 3771 incipit
736 3695 867 3771 tempus

73 3787 111 3850 de
121 3790 255 3853 cultura
265 3790 371 3853 vinem
385 3791 527 3852 Domini.
544 3791 622 3855 ideo
632 3792 791 3854 statutum
803 3791 867 3856 tuit

73 3887 107 3948 ut
119 3887 423 3965 bocEvangalium,
433 3889 519 3966 quod
529 3890 626 3952 modo
640 3890 793 3964 audistis,
808 3891 868 3954 tali

73 3984 218 4063 tempore
248 3985 284 4048 in
312 3986 461 4048 Ecclesia
485 3987 634 4063 legatur,
661 3988 699 4049 ut
723 3989 867 4050 sciamus

74 4083 148 4158 qnid
161 4086 303 4162 utraque
317 4084 445 4157 cultura
459 4084 550 4146 recta
563 4084 781 4146 similitudine
794 4101 869 4148 con-

74 4182 172 4251 uenit,
190 4183 238 4254 ut,
253 4181 340 4244 sicut
351 4183 459 4244 vineae
468 4181 642 4258 temporali
653 4182 777 4244 cultum
789 4181 869 4244 dare

74 4279 224 4342 nouimus
252 4280 386 4356 propter
408 4279 635 4343 transitoriam
651 4279 865 4353 vindemiam,

74 4373 117 4438 ita
130 4377 241 4440 uineae
255 4373 421 4454 spirituali
433 4378 581 4440 culturas
596 4377 724 4440 debitas
739 4377 870 4455 impen-

73 4472 188 4536 damus
202 4490 265 4552 pro
280 4474 358 4538 vitae
373 4479 506 4536 aeternae
526 4474 693 4536 vindemia
706 4491 767 4536 suo
783 4477 869 4538 tem-

73 4587 150 4648 pore
164 4571 372 4635 aeternaliter
387 4572 611 4650 percipienda.
635 4573 733 4636 Modo
746 4589 869 4652 expec-

74 4667 182 4732 tamus
221 4670 353 4748 tempus
390 4670 626 4734 ecclesiasticas
663 4669 866 4746 afflictionis,

74 4766 416 4844 quadragesimalium
431 4768 634 4845 jejuniorum
647 4813 655 4841 ,
666 4768 868 4844 vigiliarum,

73 4864 376 4942 eleemosynarum,
385 4867 419 4926 et
433 4865 631 4939 orationum,
639 4867 672 4929 et
684 4867 870 4930 constituta

73 4959 297 5034 abstinentiae,
332 4962 419 5024 sicut
454 4961 535 5024 dicit
561 4962 754 5044 Apostolus:
783 4967 871 5026 Ecce

73 5074 164 5122 curte
189 5061 326 5135 tempus
343 5061 556 5134 acceptabile,
582 5075 656 5122 ecee
683 5077 774 5124 auec
798 5065 871 5124 dies

71 5159 195 5220 solutis
216 5155 246 5236 (1
280 5159 354 5220 Cor.
380 5172 427 5230 ιι,
451 5155 498 5237 2).
524 5160 689 5233 Rogemus
712 5173 790 5235 ergo
806 5175 869 5236 pa-

73 5254 307 5317 tremfamilias
319 5255 496 5316 Dominum
509 5255 659 5318 nostrum
674 5257 711 5318 ut
725 5257 823 5317 exeat
834 5257 870 5318 in

74 5349 136 5414 hoc
153 5353 263 5430 primo
276 5367 373 5414 mane
388 5353 422 5414 et
436 5353 598 5416 conducat
615 5369 677 5416 nos
698 5354 870 5432 operarios

74 5448 256 5513 invincem
271 5466 376 5512 suam.

113 5547 266 5625 Quinque
281 5549 391 5611 autern
408 5548 485 5610 sunt
499 5547 648 5622 culturae,
666 5548 784 5627 quibus
798 5565 871 5610 mn-

74 5634 205 5708 teriali's
217 5645 315 5708 vinea
330 5644 462 5708 colitur.
478 5646 564 5708 Nam
578 5646 686 5726 primo
701 5647 870 5710 excalcea-

75 5744 139 5816 tur,
166 5743 311 5808 secundo
331 5743 475 5822 putatur,
491 5743 598 5808 ¹tertio
614 5743 867 5822 propaginatur,

919 1642 1010 1720 lingo
1021 1644 1076 1706 rel
1090 1644 1267 1708 fossorium
1283 1661 1359 1708 cum
1376 1645 1495 1724 quibus
1513 1645 1604 1710 terra
1618 1647 1711 1708 scin-

919 1741 1008 1803 ditur
1026 1741 1060 1804 et
1078 1742 1238 1820 aperitur,
1258 1743 1423 1806 rationem
1449 1744 1483 1806 et
1508 1744 1713 1807 intellectum

918 1838 1105 1916 designant,
1120 1855 1179 1918 per
1190 1856 1272 1917 quos
1288 1841 1417 1903 occulta
1434 1843 1663 1904 creaturarum
1681 1843 1714 1904 et
1841 1889 1844 1896 .

919 1935 1060 1999 obscura
1075 1937 1315 2015 scripturarum
1330 1937 1452 2000 veteris
1467 1939 1499 2000 et
1511 1939 1589 2000 novi
1603 1939 1714 2000 lesta-

920 2033 1023 2096 menti
1036 2034 1198 2096 rimamur
1208 2035 1242 2097 et
1256 2034 1451 2098 evolvimus.
1462 2035 1600 2099 Vineam
1614 2037 1713 2097 istam

920 2130 1075 2193 debemus
1089 2130 1203 2194 fodere
1216 2148 1275 2210 per
1287 2133 1574 2196 mortificationem
1590 2131 1712 2207 carnis,

920 2244 994 2305 quae
1023 2228 1174 2292 nascitur
1205 2230 1246 2292 de
1274 2230 1477 2293 scrutatione
1503 2230 1714 2308 pcccatorum

919 2327 1119 2389 nostrorum.
1150 2328 1245 2390 Unde
1277 2328 1475 2404 Apostolus:
1502 2329 1711 2402 Mortificate

919 2425 1713 2500 cernescestraecremettttsetcoaeuptscenttts,

920 2535 963 2582 ne
977 2522 1174 2584 cornicetur
1193 2523 1373 2598 peccatum
1391 2527 1428 2584 tu
1446 2524 1563 2584 oestro
1576 2523 1716 2586 mortali

919 2633 1064 2692 corpore
1106 2616 1247 2697 (coloss.
1282 2633 1339 2691 sn,
1374 2621 1410 2695 53
1446 2620 1552 2683 Galat
1588 2636 1623 2693 v,
1654 2621 1714 2696 24;

921 2715 1156 2796 Rom.v1,12).

961 2813 1714 2890 Siergocultoresvineaecordisnostrisumus,

920 2911 953 2976 et
963 2910 1004 2974 de
1013 2911 1108 2974 nobis
1118 2912 1250 2985 dicitur,
1263 2913 1347 2976 utad
1358 2913 1574 2976 excolendam
1583 2913 1716 2975 vineam

920 3025 1090 3072 exeamus.
1117 3010 1172 3074 Sic
1192 3009 1348 3072 debemus
1367 3025 1500 3074 vomere
1524 3011 1557 3074 et
1580 3011 1716 3086 lingone

920 3123 1009 3168 verm
1033 3107 1296 3185 compunctionis
1321 3108 1454 3170 vineam
1479 3107 1589 3170 cordis
1610 3107 1716 3170 nostri

921 3205 1135 3282 proscindere
1151 3209 1184 3268 et
1198 3204 1362 3279 laborare,
1383 3207 1419 3270 ut
1432 3207 1531 3268 vinea
1546 3206 1619 3283 ipsa
1633 3221 1715 3282 pro-

920 3302 1020 3368 ducat
1038 3303 1123 3366 vites
1142 3302 1345 3377 fructiferas,
1366 3305 1399 3368 et
1413 3303 1559 3382 perferat
1573 3303 1716 3366 fructum

921 3399 1140 3476 trigesimum,
1161 3402 1417 3478 sexagesimum,
1435 3403 1468 3464 et
1486 3401 1715 3472 centesimum.

923 3497 958 3558 Si
983 3514 1097 3560 sumus
1120 3498 1277 3574 agricolae
1296 3499 1396 3576 hujus
1412 3499 1530 3568 vinsae,
1547 3499 1596 3560 sic
1614 3497 1715 3560 debe·-

921 3611 995 3656 mus
1009 3595 1141 3657 vinsam
1154 3595 1263 3658 cordis
1280 3596 1386 3659 nostrl
1401 3597 1566 3670 excolere,
1592 3598 1629 3658 ut
1651 3611 1715 3658 ne-

922 3709 1087 3772 quaquam
1103 3693 1175 3772 ipsa
1189 3695 1287 3756 vinea
1303 3711 1377 3772 quae
1393 3694 1579 3757 debetuvas
1593 3693 1714 3766 iacere,

923 3791 1094 3854 labruscas
1109 3791 1244 3857 inutiles
1258 3793 1369 3856 valeat
1382 3793 1583 3869 germinare.

962 3891 1032 3957 Hoc
1046 3888 1143 3964 tacte,
1159 3890 1333 3953 veniamus
1350 3891 1391 3954 ad
1410 3890 1511 3953 aliam
1531 3889 1712 3963 culturam,

923 3987 1017 4059 idest,
1027 3987 1240 4064 putationem.
1254 3988 1458 4050 Accedamus
1470 3988 1620 4052 advitam
1629 3988 1716 4063 cogi-

922 4084 1068 4157 tationis,
1095 4085 1128 4147 et
1148 4085 1306 4162 quidquid
1328 4085 1532 4162 superfluum
1554 4085 1587 4146 et
1601 4084 1717 4146 inutile

923 4181 958 4244 in
973 4197 1013 4244 ea
1032 4181 1227 4255 videbimus,
1244 4198 1305 4259 per
1324 4182 1564 4259 poenitentiam,
1586 4182 1619 4244 et
1633 4197 1717 4244 con·

924 4279 1092 4340 tritionem
1112 4279 1221 4342 cordis
1242 4281 1394 4356 putemus
1416 4278 1617 4344 ferramento
1644 4279 1718 4340 dis·

924 4376 1093 4450 cretionis,
1110 4378 1146 4440 ut
1160 4377 1279 4441 humor
1293 4375 1372 4439 boni
1388 4377 1499 4454 operis
1515 4378 1547 4440 et
1561 4376 1719 4438 desiderii

924 4475 966 4536 ad
990 4475 1143 4538 utiliores
1174 4477 1286 4554 partas
1321 4475 1494 4548 ascendat,
1534 4475 1613 4553 quia
1640 4477 1720 4538 tunc

924 4573 1077 4650 putamus
1092 4574 1225 4636 vineam
1242 4573 1351 4636 cordis
1366 4574 1484 4646 nostri,
1500 4573 1631 4651 qnando
1655 4589 1720 4636 va·-

924 4686 986 4732 nas
1001 4671 1034 4732 ct
1047 4671 1183 4733 nocivas
1199 4671 1415 4747 cogitationes
1435 4673 1468 4734 et
1488 4672 1598 4732 minus
1621 4671 1719 4734 utiles

924 4783 1114 4856 resecamus
1128 4785 1148 4830 a
1164 4768 1318 4831 cordibus
1344 4769 1467 4833 nostris
1484 4785 1544 4847 per
1558 4769 1722 4832 sobrieta-

924 4868 991 4929 tem
1002 4866 1150 4928 ciborum
1161 4866 1194 4930 et
1204 4866 1438 4929 abstinentiam
1447 4867 1616 4930 vitiorum.
1627 4869 1721 4930 Unde

925 4964 1084 5027 Dominus
1099 4965 1134 5025 in
1150 4965 1349 5041 Evangelio:
1365 4966 1539 5028 Attendite
1559 4982 1602 5029 ne
1618 4970 1722 5030 cordo
1765 5039 1767 5044 ,

924 5063 1043 5126 uestra
1061 5062 1255 5139 graventur
1272 5067 1310 5126 tn
1330 5069 1491 5140 eremum
1505 5065 1539 5126 et
1553 5065 1720 5127 ebrietate

925 5161 958 5222 et
973 5163 1011 5222 tn
1036 5163 1132 5222 curis
1157 5163 1261 5234 bidus
1286 5165 1403 5224 secute·
1426 5160 1520 5240 (Luc.
1551 5177 1623 5235 xxi,
1651 5161 1718 5242 34).

926 5261 1033 5331 Quare
1057 5257 1198 5322 dixisset
1213 5259 1275 5320 boc
1288 5258 1427 5320 uerbum
1443 5259 1509 5322 nisi
1524 5259 1647 5322 diffusa
1660 5276 1721 5323 co·

925 5355 1042 5418 mestio
1055 5355 1142 5417 esset
1158 5371 1259 5432 grave
1269 5356 1459 5431 peccatumt
1474 5357 1508 5418 Si
1524 5358 1613 5418 enim
1629 5374 1723 5423 ruen-

925 5469 1003 5516 sura
1016 5453 1050 5514 in
1063 5452 1136 5514 cibo
1148 5453 1181 5514 et
1190 5454 1269 5529 potu
1282 5468 1348 5515 non
1359 5455 1522 5527 teneatur,
1538 5455 1602 5517 cito
1617 5456 1722 5517 virtus

925 5550 1088 5614 castitatis
1103 5550 1272 5629 polluitur.
1290 5552 1383 5614 Unde
1394 5553 1573 5628 Gregorius
1586 5575 1593 5614 :
1608 5570 1626 5621 ι
1642 5554 1723 5616 Cum

925 5647 1720 5726 corpusinreiectionisdelectationeresclvitur,

925 5747 1055 5810 animus
1068 5746 1135 5814 cito
1148 5747 1189 5812 ad
1204 5746 1371 5810 luxuriam
1387 5747 1569 5810 relaxatur.
1584 5765 1603 5808 s
