4004 6302
287 340 348 415 tos
751 341 928 408 nonanti
949 341 995 404 111
1016 339 1164 408 OPERA.
1182 369 1220 384 -
1236 339 1469 404 SERMONES.
1877 345 1942 405 lul

289 495 418 576 nedixit
428 491 687 587 discipulissnls,
700 504 892 568 etascendit
902 503 938 564 in
951 502 1081 575 coelum,
1138 500 1312 574 charitate,
1340 501 1376 563 ln
1400 517 1476 580 qua,
1500 501 1635 580 peracto
1658 502 1797 581 judicio,
1825 519 1940 581 appa-

289 609 478 675 videntibus
497 607 578 669 illis.
594 608 642 666 De
660 606 771 667 monte
790 603 953 666 olivarum
970 601 1084 665 Domi·
1137 600 1220 661 rebo
1243 600 1278 660 in
1304 616 1406 676 regno
1434 616 1520 662 meo.
1538 600 1631 662 Unde
1656 604 1803 664 Joannes
1815 602 1851 663 iu
1875 618 1941 663 ca-

289 711 353 772 n'us
376 706 548 770 benedixit
570 703 753 780 discipulis,
778 701 855 780 quia
876 701 1010 779 propter
1030 699 1084 760 ni·
1138 698 1258 759 nonica
1275 699 1421 776 Epistola
1436 715 1443 754 :
1458 702 1545 761 Curu
1567 701 1783 774 apparuerit,
1803 703 1943 762 similes

289 807 390 868 miam
418 801 614 866 charitatem
640 817 734 862 suam
763 815 827 877 qua
854 798 972 860 dilexit
1000 813 1080 870 nos,
1138 800 1171 859 ei
1191 800 1333 869 emmas,
1359 801 1441 870 quta
1460 800 1649 859 arcebimus
1669 813 1748 859 curu
1765 800 1870 859 sicuti
1884 799 1943 860 cst

287 901 458 966 benedixit
472 899 578 973 nobis,
598 899 631 961 et
649 897 799 960 ascendit
819 897 855 958 iu
870 896 990 968 coelum
1005 897 1083 973 quia
1139 893 1168 974 (1
1191 897 1286 957 Joan.
1305 911 1355 964 111,
1377 893 1423 974 2).
1446 894 1544 957 Modo
1569 894 1762 972 adimplevit
1790 897 1942 973 promis-

289 1001 368 1063 tecit
382 999 477 1061 uobis
495 1013 585 1075 spem
603 995 804 1060 ascendendi
819 1011 894 1056 cum
909 995 993 1071 ipso.
1010 997 1083 1070 lpse
1138 1009 1221 1065 sum,
1248 993 1325 1070 quia
1351 993 1425 1070 post
1449 994 1521 1054 dies
1547 1010 1608 1055 sex
1632 993 1812 1070 assumpsit
1836 997 1941 1056 Jesus

289 1095 543 1168 enimascendit,
553 1095 601 1157 sic
609 1110 669 1156 nos
679 1093 900 1164 ascendimus
910 1093 988 1169 quia
998 1091 1084 1154 sicut
1138 1091 1284 1164 Petrum,
1300 1090 1470 1164 Jacobum,
1488 1092 1521 1154 et
1534 1094 1696 1154 ioannem
1711 1090 1849 1152 fratrem
1861 1094 1941 1168 ejus

286 1196 369 1258 dicit
387 1194 586 1272 Apostolus:
608 1195 766 1254 Membra
788 1206 909 1253 suiuus
927 1193 1083 1264 corporis
1138 1188 1171 1251 et
1187 1188 1277 1251 ducit
1291 1190 1367 1251 illos
1381 1190 1417 1250 in
1434 1191 1578 1251 montem
1594 1190 1762 1250 excelsum
1781 1205 1940 1251 seorsum

286 1297 364 1366 ejus
387 1293 421 1354 et
446 1295 486 1354 de
512 1306 618 1354 carue
644 1294 719 1364 ejus
740 1289 773 1352 ct
798 1293 839 1352 dc
862 1291 992 1351 ossibus
1009 1291 1083 1360 ejus
1138 1285 1170 1348 et
1189 1285 1445 1363 transfiguratus
1459 1288 1509 1350 est
1523 1287 1600 1349 ante
1615 1303 1683 1349 eos.
1706 1289 1772 1349 Sex
1790 1303 1941 1364 namque

289 1391 386 1470 (pr.
402 1406 434 1462 v,
450 1387 516 1474 30),
533 1389 572 1450 Et
585 1388 658 1450 ideo
673 1387 889 1449 benedictum
902 1387 972 1447 est:
994 1385 1084 1446 ducit
1138 1384 1208 1446 dies
1225 1386 1312 1458 sunt,
1328 1385 1364 1446 in
1386 1385 1504 1464 quibus
1520 1387 1648 1464 oportet
1666 1385 1834 1447 bominem
1853 1401 1942 1462 ope-

287 1488 363 1551 illos
389 1487 425 1548 in
451 1487 595 1548 montem
628 1487 807 1558 excelsum,
831 1485 909 1562 quia
934 1482 1084 1560 perducit
1137 1483 1218 1552 rari,
1242 1483 1298 1561 qui
1317 1483 1352 1544 in
1367 1500 1427 1544 sex
1441 1483 1558 1544 diebus
1577 1483 1754 1561 complevit
1774 1485 1941 1545 Dominus

287 1585 365 1647 illos
385 1585 426 1646 ad
447 1599 585 1660 regnum
601 1585 770 1656 coelorum,
787 1585 821 1645 et
838 1583 901 1644 hoc
920 1597 1080 1654 seorsum,
1138 1581 1256 1642 coelum
1270 1581 1303 1642 et
1315 1581 1451 1654 terram,
1473 1583 1506 1643 et
1520 1581 1633 1643 omnia
1648 1598 1722 1659 quae
1743 1583 1778 1642 in
1791 1582 1841 1642 eis
1854 1597 1943 1642 con-

286 1683 373 1745 ldest
405 1682 514 1744 divisi.
546 1682 630 1754 Quia
668 1681 754 1743 sicut
787 1681 901 1759 pastor
930 1681 1084 1757 segregat
1136 1678 1294 1752 tinentur,
1309 1681 1343 1742 et
1361 1679 1441 1742 fecit
1458 1680 1626 1742 hominem
1641 1680 1677 1741 in
1696 1680 1790 1740 sexto
1812 1679 1879 1754 die,
1902 1681 1941 1740 in

286 1781 400 1842 haedos
429 1779 470 1841 ab
499 1780 631 1853 ovibus,
658 1780 705 1841 ita
731 1780 890 1841 Dominus
916 1778 1083 1856 separabit
1138 1776 1277 1853 septimo
1293 1793 1372 1840 vero
1386 1778 1551 1856 requievit
1564 1778 1605 1840 ab
1625 1777 1717 1839 omni
1732 1793 1832 1856 opere
1847 1776 1940 1854 quod

286 1879 392 1939 malos
406 1895 426 1939 a
440 1877 547 1950 bonis,
565 1877 651 1939 sicut
669 1877 811 1953 legimus
824 1876 859 1937 in
878 1876 1080 1952 Evangelio:
1137 1874 1297 1951 patrarat.

285 1977 441 2037 Eatbuut
465 1979 586 2051 Aeacii
611 1976 645 2036 et
672 1975 884 2048 separabunt
912 1979 1021 2036 rioms
1042 1975 1083 2036 dc
1179 1973 1233 2034 Sic
1255 1972 1411 2034 debemus
1425 1990 1486 2035 nos
1508 1972 1638 2050 iacere3
1655 1973 1831 2051 portatam
1846 1972 1939 2034 heb-

285 2070 725 2151 maurusiorummaun.
741 2087 815 2145 xrn,
832 2068 897 2152 49).
1137 2070 1312 2133 domadam
1328 2071 1491 2145 laborare,
1508 2072 1540 2134 et
1563 2072 1598 2133 in
1614 2071 1729 2133 diebus
1750 2071 1940 2152 Dominicis

325 2171 371 2232 ar
395 2170 667 2245 transfiguratus
688 2171 741 2231 est
757 2171 839 2231 autc
860 2185 928 2231 aas.
948 2168 1082 2230 Duabus
1136 2170 1346 2246 requiescere
1367 2169 1408 2231 ab
1430 2170 1520 2232 omni
1540 2185 1650 2246 opere,
1676 2169 1755 2247 quia
1774 2170 1851 2247 post
1876 2186 1942 2231 sex

286 2265 450 2329 decausis
473 2266 745 2342 transfiguratus
768 2267 819 2327 est
841 2269 1009 2327 Dominus
1025 2281 1083 2328 co-
1137 2266 1207 2327 dies
1239 2267 1441 2345 relinquitur
1471 2265 1709 2340 sabbatismus,
1744 2267 1777 2329 et
1799 2267 1940 2344 requies

287 2381 369 2427 reru
381 2367 566 2439 cumputo.
578 2362 691 2424 Prima
711 2362 772 2436 est,
787 2363 823 2425 ut
837 2363 987 2426 videntes
1006 2379 1081 2424 eum
1136 2365 1257 2443 populo
1273 2366 1344 2426 Dei.
1359 2365 1442 2438 Quia
1455 2366 1635 2426 secundnm
1647 2365 1853 2442 Apostolum,
1873 2380 1940 2427 nos

285 2463 447 2524 morinen
458 2461 648 2523 dubitarent
660 2461 700 2522 de
712 2462 969 2535 resurrectione,
984 2477 1082 2539 quem
1134 2463 1937 2538 sumusiuquosrtucssccccrlorumdeveacrunt.

284 2561 354 2621 tam
367 2559 549 2635 gloriosum
561 2559 716 2620 viderant
727 2559 762 2619 in
775 2558 1080 2635 transfiguratione.
1136 2562 1229 2622 Finis
1258 2563 1455 2624 saeculorum
1474 2561 1524 2623 est
1552 2562 1692 2638 septima
1718 2563 1799 2624 aetas
1816 2561 1939 2622 mundi

286 2656 436 2719 Secunda
451 2657 511 2730 est,
528 2657 565 2718 ut
576 2656 763 2734 exemplum
774 2661 807 2719 et
818 2657 972 2719 fiduciam
988 2658 1083 2720 daret
1136 2675 1210 2736 quae
1232 2660 1282 2722 est
1301 2659 1428 2721 ultima.
1454 2660 1586 2737 Septem
1608 2660 1696 2720 enim
1719 2660 1796 2722 sunt
1817 2661 1938 2721 aetates

276 2753 438 2817 ¹omnibus
453 2753 606 2816 fidelibus
619 2755 719 2816 talem
734 2755 875 2830 gloriam
887 2755 1031 2816 habendi
1046 2755 1081 2816 in
1135 2757 1249 2832 m'undi
1273 2773 1347 2836 quae
1369 2759 1404 2819 in
1420 2758 1619 2835 Apocalypsi
1638 2757 1857 2833 designantur
1875 2773 1939 2836 per

284 2853 540 2924 resurrectione,
566 2853 698 2930 qualem
724 2851 874 2914 Christus
903 2852 1019 2915 babuit
1045 2853 1081 2914 in
1135 2856 1261 2932 septem
1275 2856 1420 2932 Angelos
1434 2855 1515 2919 tuba
1534 2856 1701 2918 canentes.
1721 2855 1814 2917 Unde
1836 2857 1871 2917 et
1886 2855 1937 2916 ibi

281 2949 586 3026 transfiguratione.
614 2953 652 3012 In
673 2950 977 3027 transfiguratione,
1000 2967 1080 3013 vero
1136 2953 1267 3025 dicitur,
1282 2954 1368 3031 quod
1384 2954 1419 3016 in
1432 2953 1547 3016 diebus
1561 2953 1652 3016 uocis
1668 2953 1799 3031 septimi
1813 2953 1937 3030 Angeli

283 3049 380 3110 lesus
410 3063 477 3108 non
511 3047 729 3110 substantiam
756 3048 933 3124 assumptae
969 3049 1080 3110 carnis
1135 3051 1418 3114 consummabitur
1431 3051 1624 3129 mysterium
1644 3052 1703 3112 Dei
1722 3051 1755 3114 et
1778 3051 1938 3114 adveniet

283 3145 409 3216 amisit,
435 3144 492 3206 sed
518 3145 659 3234 gloriam
680 3145 800 3207 futurae
825 3146 1080 3209 resurrectionis
1135 3148 1211 3210 tinis
1235 3149 1360 3210 mundi.
1388 3153 1425 3211 In
1449 3150 1522 3212 istis
1548 3166 1609 3212 sex
1629 3149 1756 3223 diebus,
1774 3149 1870 3222 idest,
1897 3150 1936 3211 in

283 3241 437 3304 ostendit.
468 3243 516 3303 De
557 3257 622 3319 qua
658 3244 856 3319 Apostolus:
886 3246 965 3306 Nou
997 3246 1081 3305 suut
1134 3247 1198 3309 ista
1211 3247 1305 3310 sexta
1320 3248 1427 3320 aetate,
1446 3248 1602 3309 debemus
1616 3247 1770 3310 laborare
1781 3248 1829 3310 ita
1844 3248 1935 3325 quod

280 3343 460 3416 coudipuce
488 3344 669 3414 passiones
702 3344 806 3414 bratus
836 3342 1002 3416 temporis
1035 3346 1080 3403 ad
1133 3344 1168 3406 in
1187 3346 1327 3422 septima
1347 3345 1513 3422 possimus
1528 3346 1677 3424 requiem
1692 3345 1827 3408 babere.

280 3438 440 3512 picurum
457 3442 605 3514 proriam
629 3453 707 3512 quae
733 3441 943 3500 revelabitur
957 3443 995 3501 iu
1017 3455 1081 3502 uo-
1175 3443 1361 3506 Secundum
1377 3443 1477 3505 aliam
1492 3444 1682 3521 opinionem
1697 3443 1855 3506 dicuntur
1872 3459 1935 3506 sex

282 3539 333 3597 bis
356 3533 465 3615 (Rom.
491 3551 563 3608 vm,
588 3535 651 3616 18).
668 3536 761 3598 Sicut
781 3537 903 3599 dicitur
919 3538 954 3598 in
970 3541 1080 3599 Evan-
1134 3540 1248 3603 aetates
1282 3543 1487 3614 virentium,
1534 3541 1673 3618 septima
1703 3541 1931 3616 morientium,

281 3634 389 3710 geli0:
414 3635 712 3710 supercurrere
735 3636 822 3695 ucat
843 3641 893 3698 sol
913 3638 951 3696 iu
971 3651 1079 3712 reque
1134 3638 1250 3700 octava
1270 3640 1527 3716 resurgentium.
1550 3640 1708 3702 Senarius
1729 3642 1780 3701 est
1797 3639 1933 3702 siarum

279 3731 403 3791 Patris
435 3745 557 3792 eorum
586 3727 726 3808 (Mattb.
762 3747 838 3800 xnr,
872 3727 946 3810 43).
984 3733 1078 3794 Unde
1132 3750 1291 3797 numerus
1317 3737 1359 3799 ad
1385 3740 1536 3810 mortem,
1559 3738 1592 3800 et
1609 3737 1651 3798 ad
1670 3737 1773 3800 vitam
1799 3737 1932 3799 ducen-

281 3826 362 3888 dicit
388 3826 582 3903 Apostolus:
611 3828 828 3889 Satoatorcm
855 3830 1078 3903 respectemus
1131 3832 1225 3895 tium.
1251 3834 1314 3896 Via
1334 3850 1476 3912 namque
1498 3850 1571 3912 quas
1597 3835 1688 3898 ducit
1713 3834 1755 3896 ad
1775 3838 1929 3906 mortem,

279 3927 465 3987 Doruiuum
477 3928 597 3986 lesum
612 3925 787 3988 Christum
801 3929 859 4000 qut
872 3928 1078 4002 reformabit
1131 3930 1262 3994 trifaria
1284 3932 1413 3994 ratione
1438 3933 1609 3996 dividitur.
1629 3933 1704 3995 Alia
1726 3949 1929 4008 aerumnosa,

280 4036 405 4098 empus
433 4023 638 4085 tticmtlitatts
663 4023 804 4096 uestrae,
823 4026 1077 4102 configuratum
1132 4030 1200 4091 alia
1214 4029 1865 4103 laboriosa,aliadelioiosa.AErumnosa
1881 4033 1932 4095 est

279 4123 418 4196 corpori
436 4121 607 4182 claritatis
624 4135 697 4181 succ
708 4117 844 4200 (Philip.
858 4137 907 4195 111,
924 4122 989 4203 21).
1002 4125 1078 4185 Cor·
1130 4127 1166 4188 in
1192 4128 1393 4206 pauperibus
1409 4129 1466 4206 qui
1483 4129 1519 4190 in
1545 4131 1738 4207 paupertate
1751 4147 1814 4192 sua
1834 4131 1931 4208 regio

279 4233 341 4296 pus
350 4217 498 4280 nostrum
509 4218 623 4280 dicunt
636 4233 709 4280 esse
719 4217 942 4297 humile,quia
953 4222 1077 4298 patitur
1131 4227 1250 4304 spiritu
1273 4226 1307 4288 et
1327 4226 1429 4289 divite
1454 4228 1566 4289 animo
1586 4229 1857 4304 intumescentes,
1889 4230 1931 4291 ab

278 4315 411 4388 samem,
428 4316 461 4377 et
480 4317 581 4389 sitim,
603 4316 636 4378 et
649 4316 788 4378 caeteras
809 4319 1024 4381 necessitates
1044 4321 1077 4381 et
1131 4323 1244 4402 inopia
1276 4324 1452 4402 temporali
1479 4325 1522 4387 ad
1559 4327 1717 4388 aeternam
1754 4327 1930 4389 miseriam

277 4413 500 4476 infirmitates.
518 4414 582 4475 Sed
600 4413 751 4475 Christus
766 4415 987 4491 configurabit
1001 4433 1077 4479 cor-
1129 4423 1387 4486 transieruntur.
1410 4423 1576 4485 Deliciosa
1595 4424 1693 4486 estin
1713 4423 1875 4486 divitibus
1898 4427 1932 4488 et

278 4527 340 4589 pus
366 4511 515 4573 nostrum
543 4511 674 4588 corpori
703 4511 876 4574 charitatis
900 4529 969 4574 suae
997 4514 1075 4592 quia
1130 4519 1281 4584 delicatis
1292 4522 1349 4599 qui
1363 4522 1398 4582 in
1409 4522 1541 4584 deliciis
1555 4522 1588 4584 et
1602 4521 1827 4600 voluptatibus
1840 4539 1932 4586 enu-

276 4609 377 4672 taciet
398 4609 479 4671 illud
496 4609 692 4683 immortale,
715 4610 932 4688 impassibile,
957 4613 1074 4690 splen·
1129 4617 1268 4680 trientes
1290 4634 1432 4695 corpora
1447 4620 1480 4681 et
1494 4619 1593 4681 corda
1618 4637 1689 4693 sua,
1710 4620 1785 4697 post
1808 4620 1932 4684 dnlce-

277 4706 390 4768 didum
403 4708 436 4769 et
448 4707 641 4784 gloriosum.
1129 4715 1224 4778 dines
1240 4717 1488 4778 momentaneas
1505 4719 1537 4780 et
1551 4717 1705 4780 horarias
1723 4718 1927 4796 voluptates,

316 4805 467 4867 Diximus
491 4806 546 4866 ubi
567 4807 821 4883 transfiguratus
838 4809 898 4871 est.
919 4809 1074 4871 Dicamus
1129 4813 1170 4875 ad
1201 4814 1420 4890 sempiternas
1442 4817 1682 4879 amaritudines
1715 4817 1926 4881 deteruntur.

275 4916 364 4962 nunc
392 4903 546 4978 quando?
578 4905 657 4965 Post
683 4920 760 4978 sex,
790 4905 960 4980 videlieet,
990 4906 1071 4970 dies.
1129 4911 1311 4974 Laboriosa
1334 4912 1385 4974 est
1403 4913 1439 4973 in
1454 4915 1565 4976 avaris
1588 4917 1621 4977 et
1635 4915 1762 4993 cupidis
1773 4915 1831 4993 qui
1846 4917 1927 4978 dum

276 4999 350 5074 Ipse
365 5000 454 5060 enim
468 5001 628 5062 Dominus
643 5003 741 5063 lesus
759 5003 911 5066 Christus
931 5005 988 5082 qui
1008 5021 1072 5066 ve·-
1128 5009 1335 5071 diversarum
1369 5012 1537 5074 anxietate
1565 5029 1721 5075 curarum
1747 5013 1929 5076 miserabi-

274 5111 339 5157 rax
364 5095 414 5159 est
438 5097 474 5159 in
498 5098 673 5174 promisso,
701 5101 954 5174 promissionem
978 5119 1072 5164 suam
1127 5105 1206 5169 liter
1217 5107 1459 5182 distenduntur,
1472 5109 1714 5172 obliviscuntur
1723 5127 1877 5189 quaerere
1886 5129 1927 5174 ea

274 5193 446 5272 discipulis
469 5196 539 5258 suis
563 5193 664 5257 dicit:
689 5197 778 5258 Sunt
796 5201 936 5272 quidam
954 5203 996 5262 de
1019 5205 1074 5264 btc
1128 5221 1201 5283 ques
1219 5205 1280 5266 Dei
1302 5206 1389 5278 sunt,
1417 5205 1450 5268 et
1475 5208 1627 5270 auaritiae
1653 5208 1788 5270 aestibus
1817 5195 1928 5272 anhe-

273 5291 444 5355 stantibus
453 5297 512 5368 qut
522 5309 592 5356 uon
598 5295 784 5373 gustabunt
792 5298 954 5370 mortem,
967 5301 1073 5360 donec
1128 5303 1236 5365 lantes
1251 5319 1356 5380 usque
1380 5304 1422 5364 ad
1436 5303 1514 5367 ritae
1527 5307 1706 5368 terminum
1724 5306 1766 5368 ab
1784 5307 1925 5385 iuquie-

273 5391 414 5454 aideaut
426 5393 696 5463 titiumbcmiuis
709 5395 905 5456 venientem
917 5397 1072 5472 iureque
1125 5401 1240 5463 tudine
1254 5401 1429 5478 temporali
1450 5403 1492 5464 ad
1512 5405 1630 5466 aeterni
1653 5404 1777 5467 laboris
1793 5421 1924 5483 angus·

272 5487 554 5568 suo(Marc.v111,
576 5489 642 5570 39).
667 5491 750 5554 Sunt
771 5491 806 5552 bi
819 5492 952 5570 quidam
970 5493 1072 5557 disci·
1125 5499 1191 5562 tias
1203 5498 1460 5562 transferuntur.

272 5587 343 5664 puli
358 5587 414 5664 qni
429 5602 497 5649 non
514 5587 710 5662 morientur,
732 5589 837 5652 donec
851 5591 987 5654 videant
1005 5608 1068 5666 me,
1164 5595 1227 5657 Via
1246 5611 1325 5658 vero
1349 5613 1423 5675 quae
1444 5597 1535 5661 ducit
1558 5597 1599 5661 ad
1624 5601 1726 5663 vitam
1740 5601 1844 5664 simili
1867 5621 1925 5666 ra-

272 5685 544 5762 transtlguratum
567 5687 603 5749 in
631 5687 738 5764 gloria
761 5703 845 5764 mea,
872 5687 967 5764 idest,
996 5706 1069 5753 mea
1124 5693 1215 5756 tione
1230 5693 1454 5771 distinguitur.
1471 5696 1527 5760 Est
1542 5697 1922 5776 animaliasanguinea,
