<?xml version="1.0" encoding="UTF-8"?>
<!DOCTYPE html PUBLIC "-//W3C//DTD XHTML 1.0 Transitional//EN"
    "http://www.w3.org/TR/xhtml1/DTD/xhtml1-transitional.dtd">
<html xmlns="http://www.w3.org/1999/xhtml" xml:lang="en" lang="en">
 <head>
  <title>
</title>
<meta http-equiv="Content-Type" content="text/html;charset=utf-8" />
  <meta name='ocr-system' content='tesseract 3.04.00' />
  <meta name='ocr-capabilities' content='ocr_page ocr_carea ocr_par ocr_line ocrx_word'/>
</head>
<body>
  <div class='ocr_page' id='page_1' title='image "./mediiaevibiblio03unkngoog/mediiaevibiblio03unkngoog_0413.png"; bbox 0 0 4004 6302; ppageno 0'>
   <div class='ocr_carea' id='block_1_1' title="bbox 272 317 1928 402">
    <p class='ocr_par' dir='ltr' id='par_1_1' title="bbox 272 317 1928 402">
     <span class='ocr_line' id='line_1_1' title="bbox 272 317 1928 402; baseline 0.008 -14"><span class='ocrx_word' id='word_1_1' title='bbox 272 317 278 332; x_wconf 63' lang='lat'>⁵</span> <span class='ocrx_word' id='word_1_2' title='bbox 302 339 362 398; x_wconf 82' lang='grc'>743</span> <span class='ocrx_word' id='word_1_3' title='bbox 766 329 945 392; x_wconf 85' lang='lat' dir='ltr'><strong>HONORII</strong></span> <span class='ocrx_word' id='word_1_4' title='bbox 966 331 1011 390; x_wconf 90' lang='lat' dir='ltr'>III</span> <span class='ocrx_word' id='word_1_5' title='bbox 1034 329 1180 392; x_wconf 81' lang='lat' dir='ltr'>OPERA.</span> <span class='ocrx_word' id='word_1_6' title='bbox 1199 359 1235 372; x_wconf 89' lang='lat'>-</span> <span class='ocrx_word' id='word_1_7' title='bbox 1253 331 1486 392; x_wconf 69' lang='lat' dir='ltr'>semitonus.</span> <span class='ocrx_word' id='word_1_8' title='bbox 1879 343 1928 402; x_wconf 78' lang='lat' dir='ltr'>tn</span> 
     </span>
    </p>
   </div>
   <div class='ocr_carea' id='block_1_2' title="bbox 285 489 1979 3506">
    <p class='ocr_par' dir='ltr' id='par_1_2' title="bbox 301 489 1979 963">
     <span class='ocr_line' id='line_1_2' title="bbox 301 489 1929 576; baseline 0.001 -15"><span class='ocrx_word' id='word_1_9' title='bbox 301 496 437 561; x_wconf 86' lang='lat' dir='ltr'>carnale</span> <span class='ocrx_word' id='word_1_10' title='bbox 451 493 607 566; x_wconf 89' lang='lat' dir='ltr'>bominis,</span> <span class='ocrx_word' id='word_1_11' title='bbox 621 489 911 568; x_wconf 85' lang='lat' dir='ltr'>etlnlqui.Aquilo</span> <span class='ocrx_word' id='word_1_12' title='bbox 926 489 1098 566; x_wconf 85' lang='lat' dir='ltr'>estlingua</span> <span class='ocrx_word' id='word_1_13' title='bbox 1152 491 1292 564; x_wconf 75' lang='lat' dir='ltr'>septima</span> <span class='ocrx_word' id='word_1_14' title='bbox 1325 490 1476 568; x_wconf 83' lang='lat' dir='ltr'>designat</span> <span class='ocrx_word' id='word_1_15' title='bbox 1505 489 1742 556; x_wconf 87' lang='lat' dir='ltr'>abstinentiam</span> <span class='ocrx_word' id='word_1_16' title='bbox 1772 495 1929 576; x_wconf 78' lang='lat' dir='ltr'>vitiorum,</span> 
     </span>
     <span class='ocr_line' id='line_1_3' title="bbox 301 587 1979 668; baseline 0.002 -12"><span class='ocrx_word' id='word_1_17' title='bbox 301 594 541 656; x_wconf 84' lang='lat' dir='ltr'>maledicentia.</span> <span class='ocrx_word' id='word_1_18' title='bbox 559 588 888 653; x_wconf 87' lang='lat' dir='ltr'>Ollasnccenditura</span> <span class='ocrx_word' id='word_1_19' title='bbox 904 587 1100 666; x_wconf 82' lang='lat' dir='ltr'>lacieltqui-</span> <span class='ocrx_word' id='word_1_20' title='bbox 1153 588 1230 664; x_wconf 85' lang='lat' dir='ltr'>quia</span> <span class='ocrx_word' id='word_1_21' title='bbox 1255 591 1380 666; x_wconf 80' lang='lat' dir='ltr'>septem</span> <span class='ocrx_word' id='word_1_22' title='bbox 1402 591 1481 651; x_wconf 88' lang='lat' dir='ltr'>sunt</span> <span class='ocrx_word' id='word_1_23' title='bbox 1500 591 1583 652; x_wconf 81' lang='lat' dir='ltr'>vitia</span> <span class='ocrx_word' id='word_1_24' title='bbox 1608 607 1682 668; x_wconf 76' lang='lat' dir='ltr'>quae</span> <span class='ocrx_word' id='word_1_25' title='bbox 1705 599 1877 656; x_wconf 82' lang='lat' dir='ltr'>nascuntur</span> <span class='ocrx_word' id='word_1_26' title='bbox 1896 600 1930 660; x_wconf 90' lang='lat' dir='ltr'>de</span> <span class='ocrx_word' id='word_1_27' title='bbox 1978 623 1979 632; x_wconf 48' lang='lat'>¹</span> 
     </span>
     <span class='ocr_line' id='line_1_4' title="bbox 301 686 1930 780; baseline 0.001 -26"><span class='ocrx_word' id='word_1_28' title='bbox 301 693 400 765; x_wconf 77' lang='lat' dir='ltr'>loniS,</span> <span class='ocrx_word' id='word_1_29' title='bbox 425 691 628 768; x_wconf 86' lang='lat' dir='ltr'>quandocor</span> <span class='ocrx_word' id='word_1_30' title='bbox 644 687 788 748; x_wconf 90' lang='lat' dir='ltr'>bominis</span> <span class='ocrx_word' id='word_1_31' title='bbox 808 687 959 747; x_wconf 87' lang='lat' dir='ltr'>movetur</span> <span class='ocrx_word' id='word_1_32' title='bbox 973 686 1014 747; x_wconf 91' lang='lat' dir='ltr'>ad</span> <span class='ocrx_word' id='word_1_33' title='bbox 1030 686 1098 780; x_wconf 81' lang='lat' dir='ltr'>irn-</span> <span class='ocrx_word' id='word_1_34' title='bbox 1152 687 1259 747; x_wconf 88' lang='lat' dir='ltr'>matre</span> <span class='ocrx_word' id='word_1_35' title='bbox 1275 687 1441 764; x_wconf 86' lang='lat' dir='ltr'>superbia,</span> <span class='ocrx_word' id='word_1_36' title='bbox 1461 703 1532 765; x_wconf 84' lang='lat' dir='ltr'>quae</span> <span class='ocrx_word' id='word_1_37' title='bbox 1548 704 1609 766; x_wconf 90' lang='lat' dir='ltr'>per</span> <span class='ocrx_word' id='word_1_38' title='bbox 1625 689 1842 766; x_wconf 78' lang='lat' dir='ltr'><strong>septiformem</strong></span> <span class='ocrx_word' id='word_1_39' title='bbox 1859 710 1930 770; x_wconf 89' lang='lat' dir='ltr'>gra·</span> 
     </span>
     <span class='ocr_line' id='line_1_5' title="bbox 301 783 1929 871; baseline 0.002 -19"><span class='ocrx_word' id='word_1_40' title='bbox 301 790 496 871; x_wconf 88' lang='lat' dir='ltr'>patientiam</span> <span class='ocrx_word' id='word_1_41' title='bbox 511 788 545 849; x_wconf 88' lang='lat' dir='ltr'>et</span> <span class='ocrx_word' id='word_1_42' title='bbox 558 785 822 865; x_wconf 72' lang='lat' dir='ltr'>indignationem</span> <span class='ocrx_word' id='word_1_43' title='bbox 835 784 973 847; x_wconf 87' lang='lat' dir='ltr'>alterius</span> <span class='ocrx_word' id='word_1_44' title='bbox 986 783 1098 846; x_wconf 82' lang='lat' dir='ltr'>verbis</span> <span class='ocrx_word' id='word_1_45' title='bbox 1152 783 1234 845; x_wconf 90' lang='lat' dir='ltr'>tiam</span> <span class='ocrx_word' id='word_1_46' title='bbox 1255 786 1403 847; x_wconf 81' lang='lat' dir='ltr'>excludit</span> <span class='ocrx_word' id='word_1_47' title='bbox 1426 787 1569 863; x_wconf 87' lang='lat' dir='ltr'>Spiritus</span> <span class='ocrx_word' id='word_1_48' title='bbox 1595 787 1746 850; x_wconf 83' lang='lat' dir='ltr'>Sanctus.</span> <span class='ocrx_word' id='word_1_49' title='bbox 1770 791 1929 855; x_wconf 83' lang='lat' dir='ltr'>Peccantes</span> 
     </span>
     <span class='ocr_line' id='line_1_6' title="bbox 302 881 1928 963; baseline 0.002 -14"><span class='ocrx_word' id='word_1_50' title='bbox 302 888 336 951; x_wconf 89' lang='lat' dir='ltr'>et</span> <span class='ocrx_word' id='word_1_51' title='bbox 348 887 559 950; x_wconf 78' lang='lat' dir='ltr'>contumeliis.</span> <span class='ocrx_word' id='word_1_52' title='bbox 1153 881 1261 958; x_wconf 90' lang='lat' dir='ltr'>prima</span> <span class='ocrx_word' id='word_1_53' title='bbox 1276 884 1401 960; x_wconf 80' lang='lat' dir='ltr'>excipit</span> <span class='ocrx_word' id='word_1_54' title='bbox 1411 882 1615 960; x_wconf 77' lang='lat' dir='ltr'>negligentia</span> <span class='ocrx_word' id='word_1_55' title='bbox 1628 885 1693 946; x_wconf 88' lang='lat' dir='ltr'>sui.</span> <span class='ocrx_word' id='word_1_56' title='bbox 1707 886 1928 963; x_wconf 87' lang='lat' dir='ltr'>Negligentiam</span> 
     </span>
    </p>

    <p class='ocr_par' dir='ltr' id='par_1_3' title="bbox 285 978 1931 3506">
     <span class='ocr_line' id='line_1_7' title="bbox 341 978 1931 1064; baseline 0.001 -17"><span class='ocrx_word' id='word_1_57' title='bbox 341 987 489 1047; x_wconf 87' lang='lat' dir='ltr'>Primum</span> <span class='ocrx_word' id='word_1_58' title='bbox 515 999 594 1060; x_wconf 85' lang='lat' dir='ltr'>argo</span> <span class='ocrx_word' id='word_1_59' title='bbox 617 981 783 1060; x_wconf 85' lang='lat' dir='ltr'>jejunium</span> <span class='ocrx_word' id='word_1_60' title='bbox 812 979 898 1058; x_wconf 88' lang='lat' dir='ltr'>quod</span> <span class='ocrx_word' id='word_1_61' title='bbox 926 979 1035 1056; x_wconf 73' lang='lat' dir='ltr'>agItur</span> <span class='ocrx_word' id='word_1_62' title='bbox 1063 978 1097 1039; x_wconf 91' lang='lat' dir='ltr'>iu</span> <span class='ocrx_word' id='word_1_63' title='bbox 1152 980 1301 1056; x_wconf 85' lang='lat' dir='ltr'>sequitur</span> <span class='ocrx_word' id='word_1_64' title='bbox 1322 981 1516 1054; x_wconf 76' lang='lat' dir='ltr'>curiositaS,</span> <span class='ocrx_word' id='word_1_65' title='bbox 1541 981 1770 1046; x_wconf 79' lang='lat' dir='ltr'>curiositatem</span> <span class='ocrx_word' id='word_1_66' title='bbox 1790 989 1931 1064; x_wconf 84' lang='lat' dir='ltr'>concupi-</span> 
     </span>
     <span class='ocr_line' id='line_1_8' title="bbox 301 1076 1930 1160; baseline 0.002 -17"><span class='ocrx_word' id='word_1_67' title='bbox 301 1083 442 1160; x_wconf 87' lang='lat' dir='ltr'>quatuor</span> <span class='ocrx_word' id='word_1_68' title='bbox 462 1083 647 1158; x_wconf 89' lang='lat' dir='ltr'>temporum</span> <span class='ocrx_word' id='word_1_69' title='bbox 671 1078 893 1151; x_wconf 77' lang='lat' dir='ltr'>observantia,</span> <span class='ocrx_word' id='word_1_70' title='bbox 916 1076 1097 1155; x_wconf 88' lang='lat' dir='ltr'>dequibus</span> <span class='ocrx_word' id='word_1_71' title='bbox 1153 1079 1297 1150; x_wconf 85' lang='lat' dir='ltr'>scentia,</span> <span class='ocrx_word' id='word_1_72' title='bbox 1319 1079 1624 1157; x_wconf 75' lang='lat' dir='ltr'>concupiscentiam</span> <span class='ocrx_word' id='word_1_73' title='bbox 1649 1097 1842 1155; x_wconf 87' lang='lat' dir='ltr'>consensus,</span> <span class='ocrx_word' id='word_1_74' title='bbox 1861 1099 1930 1146; x_wconf 91' lang='lat' dir='ltr'>con-</span> 
     </span>
     <span class='ocr_line' id='line_1_9' title="bbox 299 1176 1927 1252; baseline 0.001 -11"><span class='ocrx_word' id='word_1_75' title='bbox 299 1180 501 1242; x_wconf 89' lang='lat' dir='ltr'>mentionem</span> <span class='ocrx_word' id='word_1_76' title='bbox 514 1179 685 1250; x_wconf 84' lang='lat' dir='ltr'>iaciemus,</span> <span class='ocrx_word' id='word_1_77' title='bbox 707 1176 812 1239; x_wconf 90' lang='lat' dir='ltr'>tribus</span> <span class='ocrx_word' id='word_1_78' title='bbox 827 1176 868 1238; x_wconf 92' lang='lat' dir='ltr'>de</span> <span class='ocrx_word' id='word_1_79' title='bbox 888 1177 998 1237; x_wconf 87' lang='lat' dir='ltr'>causis</span> <span class='ocrx_word' id='word_1_80' title='bbox 1014 1190 1098 1252; x_wconf 84' lang='lat' dir='ltr'>quo·</span> <span class='ocrx_word' id='word_1_81' title='bbox 1153 1191 1287 1236; x_wconf 85' lang='lat' dir='ltr'>sensum</span> <span class='ocrx_word' id='word_1_82' title='bbox 1313 1178 1534 1251; x_wconf 86' lang='lat' dir='ltr'>consuetude,</span> <span class='ocrx_word' id='word_1_83' title='bbox 1560 1178 1829 1240; x_wconf 88' lang='lat' dir='ltr'>consuetudinem</span> <span class='ocrx_word' id='word_1_84' title='bbox 1855 1198 1927 1242; x_wconf 92' lang='lat' dir='ltr'>con·</span> 
     </span>
     <span class='ocr_line' id='line_1_10' title="bbox 298 1273 1926 1353; baseline 0.002 -15"><span class='ocrx_word' id='word_1_85' title='bbox 298 1277 383 1340; x_wconf 88' lang='lat' dir='ltr'>libat</span> <span class='ocrx_word' id='word_1_86' title='bbox 399 1278 434 1338; x_wconf 93' lang='lat' dir='ltr'>in</span> <span class='ocrx_word' id='word_1_87' title='bbox 456 1293 545 1339; x_wconf 92' lang='lat' dir='ltr'>anno</span> <span class='ocrx_word' id='word_1_88' title='bbox 566 1276 602 1339; x_wconf 86' lang='lat' dir='ltr'>tit</span> <span class='ocrx_word' id='word_1_89' title='bbox 625 1275 847 1346; x_wconf 77' lang='lat' dir='ltr'>subterrario,</span> <span class='ocrx_word' id='word_1_90' title='bbox 866 1274 1032 1346; x_wconf 81' lang='lat' dir='ltr'>videlicet,</span> <span class='ocrx_word' id='word_1_91' title='bbox 1055 1273 1095 1334; x_wconf 93' lang='lat' dir='ltr'>ad</span> <span class='ocrx_word' id='word_1_92' title='bbox 1149 1273 1303 1350; x_wconf 87' lang='lat' dir='ltr'>templus,</span> <span class='ocrx_word' id='word_1_93' title='bbox 1321 1276 1544 1353; x_wconf 90' lang='lat' dir='ltr'>contemptum</span> <span class='ocrx_word' id='word_1_94' title='bbox 1564 1276 1705 1348; x_wconf 86' lang='lat' dir='ltr'>malitia,</span> <span class='ocrx_word' id='word_1_95' title='bbox 1728 1277 1810 1339; x_wconf 89' lang='lat' dir='ltr'>idest</span> <span class='ocrx_word' id='word_1_96' title='bbox 1827 1277 1926 1342; x_wconf 88' lang='lat' dir='ltr'>delec-</span> 
     </span>
     <span class='ocr_line' id='line_1_11' title="bbox 299 1368 1924 1455; baseline 0.001 -18"><span class='ocrx_word' id='word_1_97' title='bbox 299 1375 565 1455; x_wconf 88' lang='lat' dir='ltr'>prosequandum</span> <span class='ocrx_word' id='word_1_98' title='bbox 578 1374 767 1451; x_wconf 90' lang='lat' dir='ltr'>imperium,</span> <span class='ocrx_word' id='word_1_99' title='bbox 780 1373 821 1434; x_wconf 88' lang='lat' dir='ltr'>ed</span> <span class='ocrx_word' id='word_1_100' title='bbox 835 1372 1010 1434; x_wconf 87' lang='lat' dir='ltr'>delendum</span> <span class='ocrx_word' id='word_1_101' title='bbox 1025 1387 1098 1449; x_wconf 88' lang='lat' dir='ltr'>pec·</span> <span class='ocrx_word' id='word_1_102' title='bbox 1149 1368 1233 1431; x_wconf 88' lang='lat' dir='ltr'>tatio</span> <span class='ocrx_word' id='word_1_103' title='bbox 1242 1371 1381 1446; x_wconf 86' lang='lat' dir='ltr'>peccati.</span> <span class='ocrx_word' id='word_1_104' title='bbox 1392 1372 1505 1433; x_wconf 89' lang='lat' dir='ltr'>Prima</span> <span class='ocrx_word' id='word_1_105' title='bbox 1512 1372 1635 1446; x_wconf 87' lang='lat' dir='ltr'>tardat,</span> <span class='ocrx_word' id='word_1_106' title='bbox 1645 1372 1787 1434; x_wconf 89' lang='lat' dir='ltr'>secunda</span> <span class='ocrx_word' id='word_1_107' title='bbox 1794 1374 1924 1450; x_wconf 90' lang='lat' dir='ltr'>impedit,</span> 
     </span>
     <span class='ocr_line' id='line_1_12' title="bbox 299 1465 1927 1548; baseline -0.001 -14"><span class='ocrx_word' id='word_1_108' title='bbox 299 1474 421 1545; x_wconf 89' lang='lat' dir='ltr'>catum,</span> <span class='ocrx_word' id='word_1_109' title='bbox 446 1473 480 1534; x_wconf 92' lang='lat' dir='ltr'>et</span> <span class='ocrx_word' id='word_1_110' title='bbox 495 1472 536 1532; x_wconf 92' lang='lat' dir='ltr'>ad</span> <span class='ocrx_word' id='word_1_111' title='bbox 558 1470 812 1548; x_wconf 81' lang='lat' dir='ltr'>exprimendum</span> <span class='ocrx_word' id='word_1_112' title='bbox 826 1469 1032 1546; x_wconf 88' lang='lat' dir='ltr'>mysterium.</span> <span class='ocrx_word' id='word_1_113' title='bbox 1046 1468 1094 1530; x_wconf 80' lang='lat' dir='ltr'>Ad</span> <span class='ocrx_word' id='word_1_114' title='bbox 1150 1465 1249 1528; x_wconf 88' lang='lat' dir='ltr'>tertia</span> <span class='ocrx_word' id='word_1_115' title='bbox 1275 1468 1368 1544; x_wconf 91' lang='lat' dir='ltr'>ligat,</span> <span class='ocrx_word' id='word_1_116' title='bbox 1387 1471 1505 1548; x_wconf 88' lang='lat' dir='ltr'>quarta</span> <span class='ocrx_word' id='word_1_117' title='bbox 1532 1471 1679 1547; x_wconf 87' lang='lat' dir='ltr'>stringit,</span> <span class='ocrx_word' id='word_1_118' title='bbox 1697 1471 1809 1548; x_wconf 90' lang='lat' dir='ltr'>quinta</span> <span class='ocrx_word' id='word_1_119' title='bbox 1828 1472 1927 1546; x_wconf 88' lang='lat' dir='ltr'>trabit,</span> 
     </span>
     <span class='ocr_line' id='line_1_13' title="bbox 299 1565 1929 1648; baseline 0 -17"><span class='ocrx_word' id='word_1_120' title='bbox 299 1569 566 1648; x_wconf 88' lang='lat' dir='ltr'>prosequendum</span> <span class='ocrx_word' id='word_1_121' title='bbox 586 1569 762 1645; x_wconf 90' lang='lat' dir='ltr'>imperium</span> <span class='ocrx_word' id='word_1_122' title='bbox 782 1567 911 1643; x_wconf 87' lang='lat' dir='ltr'>agimus</span> <span class='ocrx_word' id='word_1_123' title='bbox 932 1567 994 1628; x_wconf 91' lang='lat' dir='ltr'>boc</span> <span class='ocrx_word' id='word_1_124' title='bbox 1005 1569 1097 1644; x_wconf 89' lang='lat' dir='ltr'>jeju·</span> <span class='ocrx_word' id='word_1_125' title='bbox 1150 1565 1245 1627; x_wconf 83' lang='lat' dir='ltr'>sexta</span> <span class='ocrx_word' id='word_1_126' title='bbox 1258 1566 1456 1644; x_wconf 83' lang='lat' dir='ltr'>praecipitat,</span> <span class='ocrx_word' id='word_1_127' title='bbox 1471 1568 1613 1646; x_wconf 88' lang='lat' dir='ltr'>septima</span> <span class='ocrx_word' id='word_1_128' title='bbox 1627 1569 1811 1632; x_wconf 89' lang='lat' dir='ltr'>incarcerat</span> <span class='ocrx_word' id='word_1_129' title='bbox 1823 1569 1929 1631; x_wconf 93' lang='lat' dir='ltr'>incar-</span> 
     </span>
     <span class='ocr_line' id='line_1_14' title="bbox 298 1664 1928 1745; baseline 0 -17"><span class='ocrx_word' id='word_1_130' title='bbox 298 1667 402 1740; x_wconf 91' lang='lat' dir='ltr'>nium,</span> <span class='ocrx_word' id='word_1_131' title='bbox 420 1668 498 1745; x_wconf 89' lang='lat' dir='ltr'>quia</span> <span class='ocrx_word' id='word_1_132' title='bbox 517 1668 718 1744; x_wconf 70' lang='lat' dir='ltr'>praeceptum</span> <span class='ocrx_word' id='word_1_133' title='bbox 738 1667 789 1728; x_wconf 90' lang='lat' dir='ltr'>est</span> <span class='ocrx_word' id='word_1_134' title='bbox 807 1666 891 1744; x_wconf 87' lang='lat' dir='ltr'>legis</span> <span class='ocrx_word' id='word_1_135' title='bbox 911 1665 997 1742; x_wconf 86' lang='lat' dir='ltr'>quod</span> <span class='ocrx_word' id='word_1_136' title='bbox 1018 1665 1095 1726; x_wconf 89' lang='lat' dir='ltr'>ante</span> <span class='ocrx_word' id='word_1_137' title='bbox 1148 1677 1225 1724; x_wconf 91' lang='lat' dir='ltr'>cere</span> <span class='ocrx_word' id='word_1_138' title='bbox 1242 1664 1493 1740; x_wconf 81' lang='lat' dir='ltr'>desperationis.</span> <span class='ocrx_word' id='word_1_139' title='bbox 1510 1666 1658 1728; x_wconf 87' lang='lat' dir='ltr'>Veniens</span> <span class='ocrx_word' id='word_1_140' title='bbox 1677 1667 1786 1728; x_wconf 90' lang='lat' dir='ltr'>autem</span> <span class='ocrx_word' id='word_1_141' title='bbox 1805 1667 1928 1744; x_wconf 88' lang='lat' dir='ltr'>Spiritus</span> 
     </span>
     <span class='ocr_line' id='line_1_15' title="bbox 298 1762 1929 1842; baseline 0 -16"><span class='ocrx_word' id='word_1_142' title='bbox 298 1765 409 1842; x_wconf 88' lang='lat' dir='ltr'>legem</span> <span class='ocrx_word' id='word_1_143' title='bbox 431 1765 553 1842; x_wconf 91' lang='lat' dir='ltr'>legitur</span> <span class='ocrx_word' id='word_1_144' title='bbox 576 1764 798 1837; x_wconf 83' lang='lat' dir='ltr'>observatum,</span> <span class='ocrx_word' id='word_1_145' title='bbox 819 1764 856 1826; x_wconf 92' lang='lat' dir='ltr'>ut</span> <span class='ocrx_word' id='word_1_146' title='bbox 878 1779 921 1826; x_wconf 80' lang='lat' dir='ltr'>ex</span> <span class='ocrx_word' id='word_1_147' title='bbox 942 1763 1094 1825; x_wconf 88' lang='lat' dir='ltr'>omnibus</span> <span class='ocrx_word' id='word_1_148' title='bbox 1150 1762 1290 1823; x_wconf 88' lang='lat' dir='ltr'>Sanctus</span> <span class='ocrx_word' id='word_1_149' title='bbox 1302 1763 1454 1838; x_wconf 89' lang='lat' dir='ltr'>primitus</span> <span class='ocrx_word' id='word_1_150' title='bbox 1469 1764 1683 1840; x_wconf 82' lang='lat' dir='ltr'>negligentiae</span> <span class='ocrx_word' id='word_1_151' title='bbox 1703 1765 1834 1842; x_wconf 90' lang='lat' dir='ltr'>opponit</span> <span class='ocrx_word' id='word_1_152' title='bbox 1843 1766 1929 1826; x_wconf 90' lang='lat' dir='ltr'>timo—</span> 
     </span>
     <span class='ocr_line' id='line_1_16' title="bbox 296 1859 1927 1941; baseline -0.001 -18"><span class='ocrx_word' id='word_1_153' title='bbox 296 1865 365 1924; x_wconf 90' lang='lat' dir='ltr'>Deo</span> <span class='ocrx_word' id='word_1_154' title='bbox 380 1863 535 1941; x_wconf 85' lang='lat' dir='ltr'>primitiae</span> <span class='ocrx_word' id='word_1_155' title='bbox 548 1862 790 1940; x_wconf 80' lang='lat' dir='ltr'>persolvantur.</span> <span class='ocrx_word' id='word_1_156' title='bbox 804 1864 874 1923; x_wconf 90' lang='lat' dir='ltr'>Hoc</span> <span class='ocrx_word' id='word_1_157' title='bbox 889 1860 998 1922; x_wconf 89' lang='lat' dir='ltr'>autem</span> <span class='ocrx_word' id='word_1_158' title='bbox 1014 1877 1096 1937; x_wconf 90' lang='lat' dir='ltr'>prae·</span> <span class='ocrx_word' id='word_1_159' title='bbox 1147 1859 1314 1937; x_wconf 79' lang='lat' dir='ltr'>remquia</span> <span class='ocrx_word' id='word_1_160' title='bbox 1326 1861 1382 1938; x_wconf 89' lang='lat' dir='ltr'>qui</span> <span class='ocrx_word' id='word_1_161' title='bbox 1392 1862 1486 1923; x_wconf 90' lang='lat' dir='ltr'>timet</span> <span class='ocrx_word' id='word_1_162' title='bbox 1497 1865 1603 1924; x_wconf 89' lang='lat' dir='ltr'>Deum</span> <span class='ocrx_word' id='word_1_163' title='bbox 1617 1861 1703 1924; x_wconf 91' lang='lat' dir='ltr'>nibil</span> <span class='ocrx_word' id='word_1_164' title='bbox 1716 1863 1867 1939; x_wconf 86' lang='lat' dir='ltr'>negliget;</span> <span class='ocrx_word' id='word_1_165' title='bbox 1877 1879 1927 1924; x_wconf 90' lang='lat' dir='ltr'>cu-</span> 
     </span>
     <span class='ocr_line' id='line_1_17' title="bbox 297 1957 1926 2038; baseline -0.001 -16"><span class='ocrx_word' id='word_1_166' title='bbox 297 1961 427 2038; x_wconf 91' lang='lat' dir='ltr'>ceptum</span> <span class='ocrx_word' id='word_1_167' title='bbox 438 1961 538 2022; x_wconf 90' lang='lat' dir='ltr'>etiam</span> <span class='ocrx_word' id='word_1_168' title='bbox 550 1960 592 2021; x_wconf 95' lang='lat' dir='ltr'>ad</span> <span class='ocrx_word' id='word_1_169' title='bbox 607 1962 736 2037; x_wconf 90' lang='lat' dir='ltr'>tempus</span> <span class='ocrx_word' id='word_1_170' title='bbox 749 1958 948 2030; x_wconf 83' lang='lat' dir='ltr'>extenditur,</span> <span class='ocrx_word' id='word_1_171' title='bbox 961 1959 997 2020; x_wconf 94' lang='lat' dir='ltr'>ut</span> <span class='ocrx_word' id='word_1_172' title='bbox 1009 1958 1094 2020; x_wconf 92' lang='lat' dir='ltr'>sicut</span> <span class='ocrx_word' id='word_1_173' title='bbox 1147 1957 1290 2020; x_wconf 88' lang='lat' dir='ltr'>riositati</span> <span class='ocrx_word' id='word_1_174' title='bbox 1323 1958 1499 2036; x_wconf 89' lang='lat' dir='ltr'>pietatem,</span> <span class='ocrx_word' id='word_1_175' title='bbox 1537 1961 1695 2022; x_wconf 86' lang='lat' dir='ltr'>affectum</span> <span class='ocrx_word' id='word_1_176' title='bbox 1739 1960 1858 2022; x_wconf 89' lang='lat' dir='ltr'>scilicet</span> <span class='ocrx_word' id='word_1_177' title='bbox 1892 1960 1926 2020; x_wconf 88' lang='lat' dir='ltr'>ad</span> 
     </span>
     <span class='ocr_line' id='line_1_18' title="bbox 296 2056 1923 2137; baseline -0.001 -18"><span class='ocrx_word' id='word_1_178' title='bbox 296 2059 438 2137; x_wconf 87' lang='lat' dir='ltr'>quatuor</span> <span class='ocrx_word' id='word_1_179' title='bbox 457 2060 534 2120; x_wconf 89' lang='lat' dir='ltr'>sunt</span> <span class='ocrx_word' id='word_1_180' title='bbox 554 2059 703 2134; x_wconf 92' lang='lat' dir='ltr'>tempora</span> <span class='ocrx_word' id='word_1_181' title='bbox 727 2056 817 2129; x_wconf 91' lang='lat' dir='ltr'>anni,</span> <span class='ocrx_word' id='word_1_182' title='bbox 841 2056 874 2118; x_wconf 91' lang='lat' dir='ltr'>et</span> <span class='ocrx_word' id='word_1_183' title='bbox 894 2056 928 2117; x_wconf 90' lang='lat' dir='ltr'>in</span> <span class='ocrx_word' id='word_1_184' title='bbox 948 2056 1095 2133; x_wconf 85' lang='lat' dir='ltr'>quolibet</span> <span class='ocrx_word' id='word_1_185' title='bbox 1148 2057 1261 2128; x_wconf 87' lang='lat' dir='ltr'>Deum,</span> <span class='ocrx_word' id='word_1_186' title='bbox 1279 2072 1353 2133; x_wconf 87' lang='lat' dir='ltr'>quae</span> <span class='ocrx_word' id='word_1_187' title='bbox 1368 2057 1409 2118; x_wconf 92' lang='lat' dir='ltr'>ad</span> <span class='ocrx_word' id='word_1_188' title='bbox 1424 2073 1521 2119; x_wconf 89' lang='lat' dir='ltr'>omne</span> <span class='ocrx_word' id='word_1_189' title='bbox 1536 2074 1620 2134; x_wconf 87' lang='lat' dir='ltr'>opus</span> <span class='ocrx_word' id='word_1_190' title='bbox 1635 2059 1728 2121; x_wconf 90' lang='lat' dir='ltr'>utilis</span> <span class='ocrx_word' id='word_1_191' title='bbox 1748 2059 1797 2119; x_wconf 89' lang='lat' dir='ltr'>est</span> <span class='ocrx_word' id='word_1_192' title='bbox 1813 2059 1843 2119; x_wconf 88' lang='lat' dir='ltr'>et</span> <span class='ocrx_word' id='word_1_193' title='bbox 1860 2073 1923 2119; x_wconf 91' lang='lat' dir='ltr'>om-</span> 
     </span>
     <span class='ocr_line' id='line_1_19' title="bbox 295 2153 1924 2234; baseline -0.001 -16"><span class='ocrx_word' id='word_1_194' title='bbox 295 2157 444 2232; x_wconf 88' lang='lat' dir='ltr'>tempore</span> <span class='ocrx_word' id='word_1_195' title='bbox 459 2156 536 2217; x_wconf 89' lang='lat' dir='ltr'>sunt</span> <span class='ocrx_word' id='word_1_196' title='bbox 556 2157 623 2217; x_wconf 87' lang='lat' dir='ltr'>tres</span> <span class='ocrx_word' id='word_1_197' title='bbox 643 2170 785 2226; x_wconf 89' lang='lat' dir='ltr'>menses,</span> <span class='ocrx_word' id='word_1_198' title='bbox 807 2155 853 2215; x_wconf 93' lang='lat' dir='ltr'>ita</span> <span class='ocrx_word' id='word_1_199' title='bbox 871 2170 931 2215; x_wconf 91' lang='lat' dir='ltr'>nos</span> <span class='ocrx_word' id='word_1_200' title='bbox 948 2171 1008 2231; x_wconf 92' lang='lat' dir='ltr'>pro</span> <span class='ocrx_word' id='word_1_201' title='bbox 1023 2155 1094 2232; x_wconf 79' lang='lat' dir='ltr'>pri·</span> <span class='ocrx_word' id='word_1_202' title='bbox 1147 2153 1227 2214; x_wconf 91' lang='lat' dir='ltr'>nino</span> <span class='ocrx_word' id='word_1_203' title='bbox 1253 2155 1421 2216; x_wconf 89' lang='lat' dir='ltr'>contraria</span> <span class='ocrx_word' id='word_1_204' title='bbox 1442 2156 1647 2232; x_wconf 87' lang='lat' dir='ltr'>curiositati;</span> <span class='ocrx_word' id='word_1_205' title='bbox 1670 2156 1924 2234; x_wconf 84' lang='lat' dir='ltr'>concupiscentia</span> 
     </span>
     <span class='ocr_line' id='line_1_20' title="bbox 295 2251 1926 2331; baseline -0.002 -16"><span class='ocrx_word' id='word_1_206' title='bbox 295 2252 398 2316; x_wconf 88' lang='lat' dir='ltr'>mitiis</span> <span class='ocrx_word' id='word_1_207' title='bbox 418 2255 560 2330; x_wconf 86' lang='lat' dir='ltr'>quatuor</span> <span class='ocrx_word' id='word_1_208' title='bbox 577 2252 706 2314; x_wconf 85' lang='lat' dir='ltr'>vicibus</span> <span class='ocrx_word' id='word_1_209' title='bbox 721 2254 912 2329; x_wconf 75' lang='lat' dir='ltr'>jeiunemus</span> <span class='ocrx_word' id='word_1_210' title='bbox 936 2252 971 2314; x_wconf 92' lang='lat' dir='ltr'>in</span> <span class='ocrx_word' id='word_1_211' title='bbox 991 2268 1090 2326; x_wconf 89' lang='lat' dir='ltr'>anno,</span> <span class='ocrx_word' id='word_1_212' title='bbox 1148 2251 1322 2314; x_wconf 88' lang='lat' dir='ltr'>scientiam</span> <span class='ocrx_word' id='word_1_213' title='bbox 1342 2252 1379 2314; x_wconf 95' lang='lat' dir='ltr'>ut</span> <span class='ocrx_word' id='word_1_214' title='bbox 1399 2253 1484 2316; x_wconf 89' lang='lat' dir='ltr'>sciat</span> <span class='ocrx_word' id='word_1_215' title='bbox 1505 2254 1653 2331; x_wconf 91' lang='lat' dir='ltr'>seipsum</span> <span class='ocrx_word' id='word_1_216' title='bbox 1679 2253 1774 2314; x_wconf 91' lang='lat' dir='ltr'>bomo</span> <span class='ocrx_word' id='word_1_217' title='bbox 1795 2253 1826 2316; x_wconf 92' lang='lat' dir='ltr'>et</span> <span class='ocrx_word' id='word_1_218' title='bbox 1844 2269 1926 2330; x_wconf 86' lang='lat' dir='ltr'>quam</span> 
     </span>
     <span class='ocr_line' id='line_1_21' title="bbox 295 2349 1926 2429; baseline -0.001 -17"><span class='ocrx_word' id='word_1_219' title='bbox 295 2351 377 2412; x_wconf 88' lang='lat' dir='ltr'>etin</span> <span class='ocrx_word' id='word_1_220' title='bbox 394 2350 540 2428; x_wconf 89' lang='lat' dir='ltr'>qualibet</span> <span class='ocrx_word' id='word_1_221' title='bbox 552 2349 624 2412; x_wconf 91' lang='lat' dir='ltr'>vice</span> <span class='ocrx_word' id='word_1_222' title='bbox 641 2349 747 2411; x_wconf 90' lang='lat' dir='ltr'>tribus</span> <span class='ocrx_word' id='word_1_223' title='bbox 762 2349 878 2411; x_wconf 92' lang='lat' dir='ltr'>diebus</span> <span class='ocrx_word' id='word_1_224' title='bbox 895 2350 936 2412; x_wconf 91' lang='lat' dir='ltr'>ad</span> <span class='ocrx_word' id='word_1_225' title='bbox 951 2350 1093 2427; x_wconf 87' lang='lat' dir='ltr'>gloriam</span> <span class='ocrx_word' id='word_1_226' title='bbox 1147 2365 1232 2410; x_wconf 89' lang='lat' dir='ltr'>vana</span> <span class='ocrx_word' id='word_1_227' title='bbox 1246 2351 1322 2412; x_wconf 91' lang='lat' dir='ltr'>sunt</span> <span class='ocrx_word' id='word_1_228' title='bbox 1329 2365 1405 2427; x_wconf 77' lang='lat' dir='ltr'>quae</span> <span class='ocrx_word' id='word_1_229' title='bbox 1425 2353 1647 2429; x_wconf 89' lang='lat' dir='ltr'>concupiscit;</span> <span class='ocrx_word' id='word_1_230' title='bbox 1663 2351 1833 2414; x_wconf 90' lang='lat' dir='ltr'>consensui</span> <span class='ocrx_word' id='word_1_231' title='bbox 1844 2349 1926 2411; x_wconf 86' lang='lat' dir='ltr'>lorti-</span> 
     </span>
     <span class='ocr_line' id='line_1_22' title="bbox 292 2447 1923 2526; baseline -0.002 -17"><span class='ocrx_word' id='word_1_232' title='bbox 292 2448 476 2511; x_wconf 79' lang='lat' dir='ltr'>Trinitatis.</span> <span class='ocrx_word' id='word_1_233' title='bbox 500 2448 548 2510; x_wconf 83' lang='lat' dir='ltr'>Ad</span> <span class='ocrx_word' id='word_1_234' title='bbox 569 2448 744 2509; x_wconf 91' lang='lat' dir='ltr'>delendum</span> <span class='ocrx_word' id='word_1_235' title='bbox 767 2449 937 2526; x_wconf 86' lang='lat' dir='ltr'>peccatum</span> <span class='ocrx_word' id='word_1_236' title='bbox 962 2449 1092 2525; x_wconf 85' lang='lat' dir='ltr'>agimus</span> <span class='ocrx_word' id='word_1_237' title='bbox 1145 2447 1305 2520; x_wconf 89' lang='lat' dir='ltr'>tudinem,</span> <span class='ocrx_word' id='word_1_238' title='bbox 1321 2464 1363 2509; x_wconf 91' lang='lat' dir='ltr'>ne</span> <span class='ocrx_word' id='word_1_239' title='bbox 1376 2449 1563 2511; x_wconf 86' lang='lat' dir='ltr'>vincatura</span> <span class='ocrx_word' id='word_1_240' title='bbox 1579 2465 1744 2512; x_wconf 86' lang='lat' dir='ltr'>consensu</span> <span class='ocrx_word' id='word_1_241' title='bbox 1760 2448 1813 2510; x_wconf 89' lang='lat' dir='ltr'>sad</span> <span class='ocrx_word' id='word_1_242' title='bbox 1828 2447 1923 2508; x_wconf 87' lang='lat' dir='ltr'>virili-</span> 
     </span>
     <span class='ocr_line' id='line_1_23' title="bbox 292 2543 1922 2624; baseline -0.002 -16"><span class='ocrx_word' id='word_1_243' title='bbox 292 2543 355 2608; x_wconf 91' lang='lat' dir='ltr'>boc</span> <span class='ocrx_word' id='word_1_244' title='bbox 372 2547 548 2624; x_wconf 84' lang='lat' dir='ltr'>jejunium,</span> <span class='ocrx_word' id='word_1_245' title='bbox 573 2547 610 2608; x_wconf 93' lang='lat' dir='ltr'>ut</span> <span class='ocrx_word' id='word_1_246' title='bbox 633 2547 720 2608; x_wconf 85' lang='lat' dir='ltr'>sicut</span> <span class='ocrx_word' id='word_1_247' title='bbox 738 2549 881 2623; x_wconf 88' lang='lat' dir='ltr'>quatuor</span> <span class='ocrx_word' id='word_1_248' title='bbox 900 2547 1007 2608; x_wconf 89' lang='lat' dir='ltr'>modis</span> <span class='ocrx_word' id='word_1_249' title='bbox 1031 2547 1091 2608; x_wconf 93' lang='lat' dir='ltr'>sub</span> <span class='ocrx_word' id='word_1_250' title='bbox 1145 2546 1922 2624; x_wconf 82' lang='lat' dir='ltr'>terresistat3consuetudiniconsiliumquiacum</span> 
     </span>
     <span class='ocr_line' id='line_1_24' title="bbox 290 2644 1923 2722; baseline -0.002 -16"><span class='ocrx_word' id='word_1_251' title='bbox 290 2645 439 2706; x_wconf 91' lang='lat' dir='ltr'>ternario</span> <span class='ocrx_word' id='word_1_252' title='bbox 459 2660 647 2722; x_wconf 90' lang='lat' dir='ltr'>peccamus,</span> <span class='ocrx_word' id='word_1_253' title='bbox 668 2645 714 2706; x_wconf 88' lang='lat' dir='ltr'>ita</span> <span class='ocrx_word' id='word_1_254' title='bbox 731 2646 873 2722; x_wconf 88' lang='lat' dir='ltr'>quatuor</span> <span class='ocrx_word' id='word_1_255' title='bbox 886 2644 1014 2706; x_wconf 70' lang='lat' dir='ltr'>vicibus</span> <span class='ocrx_word' id='word_1_256' title='bbox 1030 2645 1091 2708; x_wconf 87' lang='lat' dir='ltr'>sub</span> <span class='ocrx_word' id='word_1_257' title='bbox 1145 2646 1280 2705; x_wconf 86' lang='lat' dir='ltr'>ventum</span> <span class='ocrx_word' id='word_1_258' title='bbox 1301 2645 1402 2708; x_wconf 86' lang='lat' dir='ltr'>luerit</span> <span class='ocrx_word' id='word_1_259' title='bbox 1422 2645 1463 2707; x_wconf 92' lang='lat' dir='ltr'>ad</span> <span class='ocrx_word' id='word_1_260' title='bbox 1481 2646 1755 2708; x_wconf 88' lang='lat' dir='ltr'>consuetudinem</span> <span class='ocrx_word' id='word_1_261' title='bbox 1773 2646 1845 2706; x_wconf 89' lang='lat' dir='ltr'>tunc</span> <span class='ocrx_word' id='word_1_262' title='bbox 1857 2659 1923 2704; x_wconf 82' lang='lat' dir='ltr'>vero</span> 
     </span>
     <span class='ocr_line' id='line_1_25' title="bbox 289 2731 1921 2822; baseline -0.002 -18"><span class='ocrx_word' id='word_1_263' title='bbox 289 2743 438 2804; x_wconf 89' lang='lat' dir='ltr'>ternario</span> <span class='ocrx_word' id='word_1_264' title='bbox 449 2745 652 2821; x_wconf 77' lang='lat' dir='ltr'>Jejunemus.</span> <span class='ocrx_word' id='word_1_265' title='bbox 670 2742 782 2804; x_wconf 90' lang='lat' dir='ltr'>Primo</span> <span class='ocrx_word' id='word_1_266' title='bbox 797 2743 893 2804; x_wconf 92' lang='lat' dir='ltr'>modo</span> <span class='ocrx_word' id='word_1_267' title='bbox 915 2759 1090 2820; x_wconf 87' lang='lat' dir='ltr'>peccamus</span> <span class='ocrx_word' id='word_1_268' title='bbox 1145 2756 1228 2818; x_wconf 91' lang='lat' dir='ltr'>opus</span> <span class='ocrx_word' id='word_1_269' title='bbox 1250 2743 1302 2804; x_wconf 91' lang='lat' dir='ltr'>est</span> <span class='ocrx_word' id='word_1_270' title='bbox 1323 2742 1483 2818; x_wconf 86' lang='lat' dir='ltr'>consilio;</span> <span class='ocrx_word' id='word_1_271' title='bbox 1500 2731 1705 2822; x_wconf 86' lang='lat' dir='ltr'>contemptui</span> <span class='ocrx_word' id='word_1_272' title='bbox 1728 2741 1921 2812; x_wconf 89' lang='lat' dir='ltr'>intellectum,</span> 
     </span>
     <span class='ocr_line' id='line_1_26' title="bbox 289 2836 1920 2918; baseline -0.004 -17"><span class='ocrx_word' id='word_1_273' title='bbox 289 2841 326 2902; x_wconf 92' lang='lat' dir='ltr'>in</span> <span class='ocrx_word' id='word_1_274' title='bbox 347 2843 489 2914; x_wconf 90' lang='lat' dir='ltr'>Patrem,</span> <span class='ocrx_word' id='word_1_275' title='bbox 513 2857 690 2918; x_wconf 88' lang='lat' dir='ltr'>peccamus</span> <span class='ocrx_word' id='word_1_276' title='bbox 711 2841 746 2901; x_wconf 90' lang='lat' dir='ltr'>in</span> <span class='ocrx_word' id='word_1_277' title='bbox 766 2841 900 2910; x_wconf 85' lang='lat' dir='ltr'>Filium,</span> <span class='ocrx_word' id='word_1_278' title='bbox 915 2857 1090 2917; x_wconf 89' lang='lat' dir='ltr'>peccamus</span> <span class='ocrx_word' id='word_1_279' title='bbox 1145 2839 1222 2916; x_wconf 77' lang='lat' dir='ltr'>qiua</span> <span class='ocrx_word' id='word_1_280' title='bbox 1236 2841 1375 2902; x_wconf 91' lang='lat' dir='ltr'>consilio</span> <span class='ocrx_word' id='word_1_281' title='bbox 1386 2844 1457 2918; x_wconf 87' lang='lat' dir='ltr'>jam</span> <span class='ocrx_word' id='word_1_282' title='bbox 1470 2841 1643 2904; x_wconf 90' lang='lat' dir='ltr'>bominum</span> <span class='ocrx_word' id='word_1_283' title='bbox 1660 2841 1847 2916; x_wconf 89' lang='lat' dir='ltr'>contempto,</span> <span class='ocrx_word' id='word_1_284' title='bbox 1866 2836 1920 2898; x_wconf 90' lang='lat' dir='ltr'>nisi</span> 
     </span>
     <span class='ocr_line' id='line_1_27' title="bbox 289 2938 1921 3016; baseline -0.003 -18"><span class='ocrx_word' id='word_1_285' title='bbox 289 2938 324 2998; x_wconf 91' lang='lat' dir='ltr'>in</span> <span class='ocrx_word' id='word_1_286' title='bbox 341 2939 499 3016; x_wconf 86' lang='lat' dir='ltr'>Spiritum</span> <span class='ocrx_word' id='word_1_287' title='bbox 515 2941 683 3001; x_wconf 87' lang='lat' dir='ltr'>Sanctum.</span> <span class='ocrx_word' id='word_1_288' title='bbox 701 2941 738 3001; x_wconf 94' lang='lat' dir='ltr'>ln</span> <span class='ocrx_word' id='word_1_289' title='bbox 748 2940 893 3001; x_wconf 80' lang='lat' dir='ltr'>‚Patrem</span> <span class='ocrx_word' id='word_1_290' title='bbox 913 2955 1089 3015; x_wconf 90' lang='lat' dir='ltr'>peccamus</span> <span class='ocrx_word' id='word_1_291' title='bbox 1145 2953 1205 3014; x_wconf 89' lang='lat' dir='ltr'>per</span> <span class='ocrx_word' id='word_1_292' title='bbox 1220 2954 1256 2998; x_wconf 93' lang='lat' dir='ltr'>se</span> <span class='ocrx_word' id='word_1_293' title='bbox 1270 2939 1455 3015; x_wconf 90' lang='lat' dir='ltr'>periculum</span> <span class='ocrx_word' id='word_1_294' title='bbox 1470 2956 1566 3000; x_wconf 89' lang='lat' dir='ltr'>suum</span> <span class='ocrx_word' id='word_1_295' title='bbox 1582 2940 1822 3016; x_wconf 87' lang='lat' dir='ltr'>intelligatjam</span> <span class='ocrx_word' id='word_1_296' title='bbox 1835 2949 1921 3014; x_wconf 91' lang='lat' dir='ltr'>prope</span> 
     </span>
     <span class='ocr_line' id='line_1_28' title="bbox 288 3033 1922 3116; baseline -0.004 -20"><span class='ocrx_word' id='word_1_297' title='bbox 288 3051 352 3112; x_wconf 87' lang='lat' dir='ltr'>per-</span> <span class='ocrx_word' id='word_1_298' title='bbox 366 3037 594 3112; x_wconf 90' lang='lat' dir='ltr'>impotentiam</span> <span class='ocrx_word' id='word_1_299' title='bbox 617 3041 649 3098; x_wconf 91' lang='lat' dir='ltr'>et</span> <span class='ocrx_word' id='word_1_300' title='bbox 668 3035 893 3112; x_wconf 81' lang='lat' dir='ltr'>fragilitatem,</span> <span class='ocrx_word' id='word_1_301' title='bbox 911 3037 946 3098; x_wconf 93' lang='lat' dir='ltr'>in</span> <span class='ocrx_word' id='word_1_302' title='bbox 966 3037 1088 3098; x_wconf 79' lang='lat' dir='ltr'>Filium</span> <span class='ocrx_word' id='word_1_303' title='bbox 1144 3035 1585 3113; x_wconf 82' lang='lat' dir='ltr'>estdesperationi3malitiae</span> <span class='ocrx_word' id='word_1_304' title='bbox 1597 3033 1922 3116; x_wconf 71' lang='lat' dir='ltr'>sapientiamguiasa·</span> 
     </span>
     <span class='ocr_line' id='line_1_29' title="bbox 289 3133 1919 3212; baseline -0.003 -18"><span class='ocrx_word' id='word_1_305' title='bbox 289 3149 465 3210; x_wconf 87' lang='lat' dir='ltr'>peccamus</span> <span class='ocrx_word' id='word_1_306' title='bbox 481 3149 539 3211; x_wconf 89' lang='lat' dir='ltr'>per</span> <span class='ocrx_word' id='word_1_307' title='bbox 550 3134 772 3209; x_wconf 86' lang='lat' dir='ltr'>ignorantiam</span> <span class='ocrx_word' id='word_1_308' title='bbox 784 3137 816 3196; x_wconf 91' lang='lat' dir='ltr'>et</span> <span class='ocrx_word' id='word_1_309' title='bbox 829 3134 1087 3210; x_wconf 85' lang='lat' dir='ltr'>simplicitatem,</span> <span class='ocrx_word' id='word_1_310' title='bbox 1143 3133 1269 3210; x_wconf 90' lang='lat' dir='ltr'>pientia</span> <span class='ocrx_word' id='word_1_311' title='bbox 1285 3135 1388 3196; x_wconf 87' lang='lat' dir='ltr'>vincit</span> <span class='ocrx_word' id='word_1_312' title='bbox 1402 3136 1563 3197; x_wconf 89' lang='lat' dir='ltr'>malitiam</span> <span class='ocrx_word' id='word_1_313' title='bbox 1580 3137 1781 3212; x_wconf 88' lang='lat' dir='ltr'>attingensa</span> <span class='ocrx_word' id='word_1_314' title='bbox 1799 3133 1858 3193; x_wconf 88' lang='lat' dir='ltr'>tine</span> <span class='ocrx_word' id='word_1_315' title='bbox 1870 3145 1919 3190; x_wconf 89' lang='lat' dir='ltr'>us·</span> 
     </span>
     <span class='ocr_line' id='line_1_30' title="bbox 286 3229 1921 3312; baseline -0.004 -20"><span class='ocrx_word' id='word_1_316' title='bbox 286 3231 322 3292; x_wconf 93' lang='lat' dir='ltr'>in</span> <span class='ocrx_word' id='word_1_317' title='bbox 334 3231 492 3308; x_wconf 88' lang='lat' dir='ltr'>Spiritum</span> <span class='ocrx_word' id='word_1_318' title='bbox 502 3233 660 3294; x_wconf 84' lang='lat' dir='ltr'>Sanctum</span> <span class='ocrx_word' id='word_1_319' title='bbox 671 3247 846 3308; x_wconf 90' lang='lat' dir='ltr'>peccamus</span> <span class='ocrx_word' id='word_1_320' title='bbox 859 3249 918 3310; x_wconf 90' lang='lat' dir='ltr'>per</span> <span class='ocrx_word' id='word_1_321' title='bbox 931 3232 1088 3296; x_wconf 90' lang='lat' dir='ltr'>duritiam</span> <span class='ocrx_word' id='word_1_322' title='bbox 1143 3246 1207 3307; x_wconf 85' lang='lat' dir='ltr'>que</span> <span class='ocrx_word' id='word_1_323' title='bbox 1219 3231 1260 3292; x_wconf 92' lang='lat' dir='ltr'>ad</span> <span class='ocrx_word' id='word_1_324' title='bbox 1274 3231 1373 3293; x_wconf 87' lang='lat' dir='ltr'>tinem</span> <span class='ocrx_word' id='word_1_325' title='bbox 1389 3231 1518 3295; x_wconf 83' lang='lat' dir='ltr'>sortiter</span> <span class='ocrx_word' id='word_1_326' title='bbox 1532 3233 1565 3296; x_wconf 89' lang='lat' dir='ltr'>et</span> <span class='ocrx_word' id='word_1_327' title='bbox 1581 3233 1729 3312; x_wconf 91' lang='lat' dir='ltr'>disponit</span> <span class='ocrx_word' id='word_1_328' title='bbox 1741 3229 1843 3294; x_wconf 88' lang='lat' dir='ltr'>omnia</span> <span class='ocrx_word' id='word_1_329' title='bbox 1855 3241 1921 3287; x_wconf 90' lang='lat' dir='ltr'>sua-</span> 
     </span>
     <span class='ocr_line' id='line_1_31' title="bbox 286 3327 1916 3408; baseline -0.004 -19"><span class='ocrx_word' id='word_1_330' title='bbox 286 3331 320 3391; x_wconf 90' lang='lat' dir='ltr'>et</span> <span class='ocrx_word' id='word_1_331' title='bbox 333 3329 584 3405; x_wconf 85' lang='lat' dir='ltr'>malignitatem.</span> <span class='ocrx_word' id='word_1_332' title='bbox 597 3331 689 3391; x_wconf 86' lang='lat' dir='ltr'>Patri</span> <span class='ocrx_word' id='word_1_333' title='bbox 700 3347 842 3408; x_wconf 90' lang='lat' dir='ltr'>namque</span> <span class='ocrx_word' id='word_1_334' title='bbox 855 3332 1089 3408; x_wconf 89' lang='lat' dir='ltr'>appropriatur</span> <span class='ocrx_word' id='word_1_335' title='bbox 1142 3329 1240 3390; x_wconf 86' lang='lat' dir='ltr'>viter.</span> <span class='ocrx_word' id='word_1_336' title='bbox 1258 3330 1426 3406; x_wconf 75' lang='lat' dir='ltr'>ieiunium</span> <span class='ocrx_word' id='word_1_337' title='bbox 1448 3334 1571 3392; x_wconf 81' lang='lat' dir='ltr'>decimi</span> <span class='ocrx_word' id='word_1_338' title='bbox 1589 3331 1744 3408; x_wconf 89' lang='lat' dir='ltr'>designat</span> <span class='ocrx_word' id='word_1_339' title='bbox 1763 3327 1916 3393; x_wconf 85' lang='lat' dir='ltr'>abstinen-</span> 
     </span>
     <span class='ocr_line' id='line_1_32' title="bbox 285 3421 1918 3506; baseline -0.005 -18"><span class='ocrx_word' id='word_1_340' title='bbox 285 3428 443 3504; x_wconf 90' lang='lat' dir='ltr'>potentia,</span> <span class='ocrx_word' id='word_1_341' title='bbox 460 3428 529 3489; x_wconf 87' lang='lat' dir='ltr'>tilio</span> <span class='ocrx_word' id='word_1_342' title='bbox 547 3429 722 3506; x_wconf 88' lang='lat' dir='ltr'>sapientia,</span> <span class='ocrx_word' id='word_1_343' title='bbox 745 3429 884 3506; x_wconf 85' lang='lat' dir='ltr'>Spiritui</span> <span class='ocrx_word' id='word_1_344' title='bbox 904 3431 1025 3492; x_wconf 87' lang='lat' dir='ltr'>Sancto</span> <span class='ocrx_word' id='word_1_345' title='bbox 1035 3429 1089 3492; x_wconf 90' lang='lat' dir='ltr'>be·</span> <span class='ocrx_word' id='word_1_346' title='bbox 1142 3427 1223 3488; x_wconf 88' lang='lat' dir='ltr'>tiam</span> <span class='ocrx_word' id='word_1_347' title='bbox 1238 3427 1426 3501; x_wconf 87' lang='lat' dir='ltr'>verborum,</span> <span class='ocrx_word' id='word_1_348' title='bbox 1447 3429 1524 3506; x_wconf 79' lang='lat' dir='ltr'>quia</span> <span class='ocrx_word' id='word_1_349' title='bbox 1544 3429 1660 3491; x_wconf 90' lang='lat' dir='ltr'>decem</span> <span class='ocrx_word' id='word_1_350' title='bbox 1679 3429 1756 3491; x_wconf 92' lang='lat' dir='ltr'>sunt</span> <span class='ocrx_word' id='word_1_351' title='bbox 1773 3421 1918 3504; x_wconf 87' lang='lat' dir='ltr'>praecepta</span> 
     </span>
    </p>
   </div>
   <div class='ocr_carea' id='block_1_3' title="bbox 151 3524 1920 3604">
    <p class='ocr_par' dir='ltr' id='par_1_4' title="bbox 151 3524 1920 3604">
     <span class='ocr_line' id='line_1_33' title="bbox 151 3524 1920 3604; baseline -0.002 -19"><span class='ocrx_word' id='word_1_352' title='bbox 151 3545 161 3569; x_wconf 89' lang='lat'><strong>·</strong></span> <span class='ocrx_word' id='word_1_353' title='bbox 283 3526 441 3601; x_wconf 87' lang='lat' dir='ltr'>nignitas.</span> <span class='ocrx_word' id='word_1_354' title='bbox 463 3527 512 3588; x_wconf 83' lang='lat' dir='ltr'>Ad</span> <span class='ocrx_word' id='word_1_355' title='bbox 531 3527 783 3603; x_wconf 86' lang='lat' dir='ltr'>exprimendum</span> <span class='ocrx_word' id='word_1_356' title='bbox 803 3527 998 3604; x_wconf 86' lang='lat' dir='ltr'>mysterium</span> <span class='ocrx_word' id='word_1_357' title='bbox 1013 3528 1087 3604; x_wconf 80' lang='lat' dir='ltr'>agi·</span> <span class='ocrx_word' id='word_1_358' title='bbox 1141 3524 1227 3602; x_wconf 91' lang='lat' dir='ltr'>legis</span> <span class='ocrx_word' id='word_1_359' title='bbox 1242 3527 1282 3587; x_wconf 91' lang='lat' dir='ltr'>de</span> <span class='ocrx_word' id='word_1_360' title='bbox 1297 3525 1416 3604; x_wconf 85' lang='lat' dir='ltr'>quibus</span> <span class='ocrx_word' id='word_1_361' title='bbox 1431 3527 1527 3589; x_wconf 93' lang='lat' dir='ltr'>modo</span> <span class='ocrx_word' id='word_1_362' title='bbox 1542 3543 1609 3588; x_wconf 90' lang='lat' dir='ltr'>non</span> <span class='ocrx_word' id='word_1_363' title='bbox 1623 3528 1676 3590; x_wconf 90' lang='lat' dir='ltr'>est</span> <span class='ocrx_word' id='word_1_364' title='bbox 1694 3524 1860 3588; x_wconf 91' lang='lat' dir='ltr'>dicendum</span> <span class='ocrx_word' id='word_1_365' title='bbox 1870 3531 1920 3595; x_wconf 86' lang='lat' dir='ltr'>por</span> 
     </span>
    </p>
   </div>
   <div class='ocr_carea' id='block_1_4' title="bbox 273 3617 1979 5762">
    <p class='ocr_par' dir='ltr' id='par_1_5' title="bbox 273 3617 1979 5762">
     <span class='ocr_line' id='line_1_34' title="bbox 283 3617 1918 3703; baseline -0.002 -20"><span class='ocrx_word' id='word_1_366' title='bbox 283 3639 356 3683; x_wconf 88' lang='lat' dir='ltr'>mus</span> <span class='ocrx_word' id='word_1_367' title='bbox 376 3623 438 3685; x_wconf 92' lang='lat' dir='ltr'>hoc</span> <span class='ocrx_word' id='word_1_368' title='bbox 453 3625 629 3703; x_wconf 90' lang='lat' dir='ltr'>jejunium,</span> <span class='ocrx_word' id='word_1_369' title='bbox 647 3626 737 3702; x_wconf 88' lang='lat' dir='ltr'>quia,</span> <span class='ocrx_word' id='word_1_370' title='bbox 755 3625 842 3687; x_wconf 90' lang='lat' dir='ltr'>sicut</span> <span class='ocrx_word' id='word_1_371' title='bbox 863 3641 1022 3686; x_wconf 91' lang='lat' dir='ltr'>numerus</span> <span class='ocrx_word' id='word_1_372' title='bbox 1037 3643 1088 3687; x_wconf 90' lang='lat' dir='ltr'>as·</span> <span class='ocrx_word' id='word_1_373' title='bbox 1142 3624 1285 3699; x_wconf 90' lang='lat' dir='ltr'>singula.</span> <span class='ocrx_word' id='word_1_374' title='bbox 1303 3627 1374 3685; x_wconf 89' lang='lat' dir='ltr'>Hoc</span> <span class='ocrx_word' id='word_1_375' title='bbox 1388 3640 1468 3686; x_wconf 87' lang='lat' dir='ltr'>vero</span> <span class='ocrx_word' id='word_1_376' title='bbox 1482 3625 1758 3702; x_wconf 85' lang='lat' dir='ltr'>quadripartitum</span> <span class='ocrx_word' id='word_1_377' title='bbox 1772 3617 1918 3700; x_wconf 86' lang='lat' dir='ltr'>jejunium</span> 
     </span>
     <span class='ocr_line' id='line_1_35' title="bbox 285 3711 1919 3800; baseline -0.001 -19"><span class='ocrx_word' id='word_1_378' title='bbox 285 3721 397 3782; x_wconf 92' lang='lat' dir='ltr'>cendit</span> <span class='ocrx_word' id='word_1_379' title='bbox 430 3720 471 3781; x_wconf 94' lang='lat' dir='ltr'>ab</span> <span class='ocrx_word' id='word_1_380' title='bbox 496 3723 623 3783; x_wconf 90' lang='lat' dir='ltr'>unitate</span> <span class='ocrx_word' id='word_1_381' title='bbox 651 3722 692 3782; x_wconf 94' lang='lat' dir='ltr'>ad</span> <span class='ocrx_word' id='word_1_382' title='bbox 714 3721 891 3794; x_wconf 90' lang='lat' dir='ltr'>unitatem,</span> <span class='ocrx_word' id='word_1_383' title='bbox 919 3724 948 3784; x_wconf 92' lang='lat' dir='ltr'>si</span> <span class='ocrx_word' id='word_1_384' title='bbox 970 3724 1087 3800; x_wconf 90' lang='lat' dir='ltr'>quater</span> <span class='ocrx_word' id='word_1_385' title='bbox 1141 3721 1275 3781; x_wconf 90' lang='lat' dir='ltr'>initium</span> <span class='ocrx_word' id='word_1_386' title='bbox 1294 3721 1411 3784; x_wconf 91' lang='lat' dir='ltr'>habuit</span> <span class='ocrx_word' id='word_1_387' title='bbox 1431 3737 1473 3783; x_wconf 83' lang='lat' dir='ltr'>ex</span> <span class='ocrx_word' id='word_1_388' title='bbox 1490 3722 1595 3784; x_wconf 86' lang='lat' dir='ltr'>veteri</span> <span class='ocrx_word' id='word_1_389' title='bbox 1610 3721 1825 3789; x_wconf 86' lang='lat' dir='ltr'>Testamento,</span> <span class='ocrx_word' id='word_1_390' title='bbox 1846 3711 1919 3775; x_wconf 78' lang='lat' dir='ltr'>siout</span> 
     </span>
     <span class='ocr_line' id='line_1_36' title="bbox 284 3815 1919 3897; baseline -0.004 -20"><span class='ocrx_word' id='word_1_391' title='bbox 284 3817 343 3881; x_wconf 84' lang='lat' dir='ltr'>flat</span> <span class='ocrx_word' id='word_1_392' title='bbox 365 3818 596 3894; x_wconf 88' lang='lat' dir='ltr'>multiplicatio</span> <span class='ocrx_word' id='word_1_393' title='bbox 614 3834 674 3895; x_wconf 92' lang='lat' dir='ltr'>per</span> <span class='ocrx_word' id='word_1_394' title='bbox 692 3819 887 3891; x_wconf 90' lang='lat' dir='ltr'>ternarium,</span> <span class='ocrx_word' id='word_1_395' title='bbox 907 3821 955 3881; x_wconf 89' lang='lat' dir='ltr'>sic</span> <span class='ocrx_word' id='word_1_396' title='bbox 974 3821 1086 3883; x_wconf 86' lang='lat' dir='ltr'>anima</span> <span class='ocrx_word' id='word_1_397' title='bbox 1141 3817 1282 3893; x_wconf 90' lang='lat' dir='ltr'>legimus</span> <span class='ocrx_word' id='word_1_398' title='bbox 1297 3819 1333 3878; x_wconf 92' lang='lat' dir='ltr'>in</span> <span class='ocrx_word' id='word_1_399' title='bbox 1348 3819 1514 3897; x_wconf 87' lang='lat' dir='ltr'>Propheta</span> <span class='ocrx_word' id='word_1_400' title='bbox 1533 3843 1541 3882; x_wconf 75' lang='grc' dir='ltr'><strong>ε</strong></span> <span class='ocrx_word' id='word_1_401' title='bbox 1558 3823 1738 3894; x_wconf 71' lang='lat' dir='ltr'>dejectum</span> <span class='ocrx_word' id='word_1_402' title='bbox 1751 3815 1919 3894; x_wconf 68' lang='lat' dir='ltr'>puertije·</span> 
     </span>
     <span class='ocr_line' id='line_1_37' title="bbox 282 3915 1466 3995; baseline 0.001 -17"><span class='ocrx_word' id='word_1_403' title='bbox 282 3915 475 3978; x_wconf 80' lang='lat' dir='ltr'>conscendit</span> <span class='ocrx_word' id='word_1_404' title='bbox 495 3915 536 3977; x_wconf 93' lang='lat' dir='ltr'>de</span> <span class='ocrx_word' id='word_1_405' title='bbox 548 3916 717 3978; x_wconf 71' lang='lat' dir='ltr'>⁴virtutein</span> <span class='ocrx_word' id='word_1_406' title='bbox 737 3917 906 3987; x_wconf 85' lang='lat' dir='ltr'>virtutem,</span> <span class='ocrx_word' id='word_1_407' title='bbox 925 3919 954 3978; x_wconf 91' lang='lat' dir='ltr'>si</span> <span class='ocrx_word' id='word_1_408' title='bbox 969 3920 1086 3995; x_wconf 86' lang='lat' dir='ltr'>quater</span> <span class='ocrx_word' id='word_1_409' title='bbox 1132 3918 1277 3988; x_wconf 67' lang='lat' dir='ltr'>juratum</span> <span class='ocrx_word' id='word_1_410' title='bbox 1292 3917 1404 3991; x_wconf 78' lang='lat' dir='ltr'>quiriti</span> <span class='ocrx_word' id='word_1_411' title='bbox 1406 3960 1466 3979; x_wconf 90' lang='grc'><strong>.....</strong></span> 
     </span>
     <span class='ocr_line' id='line_1_38' title="bbox 281 4003 1917 4095; baseline -0.009 -19"><span class='ocrx_word' id='word_1_412' title='bbox 281 4015 360 4091; x_wconf 90' lang='lat' dir='ltr'>agat</span> <span class='ocrx_word' id='word_1_413' title='bbox 378 4015 544 4093; x_wconf 69' lang='lat' dir='ltr'>jejunium</span> <span class='ocrx_word' id='word_1_414' title='bbox 563 4031 624 4093; x_wconf 91' lang='lat' dir='ltr'>per</span> <span class='ocrx_word' id='word_1_415' title='bbox 644 4015 838 4077; x_wconf 89' lang='lat' dir='ltr'>ternarium.</span> <span class='ocrx_word' id='word_1_416' title='bbox 858 4019 927 4078; x_wconf 92' lang='lat' dir='ltr'>Hoc</span> <span class='ocrx_word' id='word_1_417' title='bbox 937 4017 1084 4095; x_wconf 88' lang='lat' dir='ltr'>&#39;quadri-</span> <span class='ocrx_word' id='word_1_418' title='bbox 1181 4015 1211 4076; x_wconf 93' lang='lat' dir='ltr'>N</span> <span class='ocrx_word' id='word_1_419' title='bbox 1215 4030 1278 4075; x_wconf 92' lang='lat' dir='ltr'>unc</span> <span class='ocrx_word' id='word_1_420' title='bbox 1306 4014 1417 4076; x_wconf 89' lang='lat' dir='ltr'>autem</span> <span class='ocrx_word' id='word_1_421' title='bbox 1446 4015 1684 4078; x_wconf 84' lang='lat' dir='ltr'>convenienter</span> <span class='ocrx_word' id='word_1_422' title='bbox 1710 4009 1869 4095; x_wconf 88' lang='lat' dir='ltr'>jejunatur</span> <span class='ocrx_word' id='word_1_423' title='bbox 1889 4003 1917 4063; x_wconf 91' lang='lat' dir='ltr'>in</span> 
     </span>
     <span class='ocr_line' id='line_1_39' title="bbox 282 4101 1919 4192; baseline -0.008 -19"><span class='ocrx_word' id='word_1_424' title='bbox 282 4113 440 4190; x_wconf 89' lang='lat' dir='ltr'>partitum</span> <span class='ocrx_word' id='word_1_425' title='bbox 455 4113 621 4190; x_wconf 90' lang='lat' dir='ltr'>jejunium</span> <span class='ocrx_word' id='word_1_426' title='bbox 638 4113 838 4191; x_wconf 90' lang='lat' dir='ltr'>principium</span> <span class='ocrx_word' id='word_1_427' title='bbox 850 4114 968 4179; x_wconf 89' lang='lat' dir='ltr'>babuit</span> <span class='ocrx_word' id='word_1_428' title='bbox 980 4132 1086 4178; x_wconf 82' lang='lat' dir='ltr'>exve-</span> <span class='ocrx_word' id='word_1_429' title='bbox 1139 4113 1271 4186; x_wconf 90' lang='lat' dir='ltr'>martio,</span> <span class='ocrx_word' id='word_1_430' title='bbox 1286 4112 1320 4174; x_wconf 86' lang='lat' dir='ltr'>et</span> <span class='ocrx_word' id='word_1_431' title='bbox 1332 4112 1484 4191; x_wconf 75' lang='lat' dir='ltr'>inienio,</span> <span class='ocrx_word' id='word_1_432' title='bbox 1498 4115 1531 4176; x_wconf 92' lang='lat' dir='ltr'>et</span> <span class='ocrx_word' id='word_1_433' title='bbox 1542 4115 1578 4174; x_wconf 90' lang='lat' dir='ltr'>in</span> <span class='ocrx_word' id='word_1_434' title='bbox 1591 4112 1780 4192; x_wconf 87' lang='lat' dir='ltr'>septembri,</span> <span class='ocrx_word' id='word_1_435' title='bbox 1791 4109 1822 4170; x_wconf 90' lang='lat' dir='ltr'>et</span> <span class='ocrx_word' id='word_1_436' title='bbox 1832 4107 1862 4166; x_wconf 92' lang='lat' dir='ltr'>in</span> <span class='ocrx_word' id='word_1_437' title='bbox 1871 4101 1919 4162; x_wconf 92' lang='lat' dir='ltr'>de·</span> 
     </span>
     <span class='ocr_line' id='line_1_40' title="bbox 280 4205 1919 4291; baseline -0.009 -18"><span class='ocrx_word' id='word_1_438' title='bbox 280 4211 344 4273; x_wconf 89' lang='lat' dir='ltr'>teri</span> <span class='ocrx_word' id='word_1_439' title='bbox 357 4211 577 4284; x_wconf 66' lang='lat' dir='ltr'>Testamenta</span> <span class='ocrx_word' id='word_1_440' title='bbox 594 4212 680 4274; x_wconf 91' lang='lat' dir='ltr'>sicut</span> <span class='ocrx_word' id='word_1_441' title='bbox 700 4212 781 4274; x_wconf 91' lang='lat' dir='ltr'>dicit</span> <span class='ocrx_word' id='word_1_442' title='bbox 802 4213 981 4275; x_wconf 89' lang='lat' dir='ltr'>Zacharias</span> <span class='ocrx_word' id='word_1_443' title='bbox 1007 4229 1086 4291; x_wconf 90' lang='lat' dir='ltr'>pro-</span> <span class='ocrx_word' id='word_1_444' title='bbox 1141 4209 1276 4271; x_wconf 83' lang='lat' dir='ltr'>cembri.</span> <span class='ocrx_word' id='word_1_445' title='bbox 1293 4213 1331 4271; x_wconf 89' lang='lat' dir='ltr'>In</span> <span class='ocrx_word' id='word_1_446' title='bbox 1345 4211 1465 4273; x_wconf 91' lang='lat' dir='ltr'>martio</span> <span class='ocrx_word' id='word_1_447' title='bbox 1481 4227 1624 4289; x_wconf 89' lang='lat' dir='ltr'>namque</span> <span class='ocrx_word' id='word_1_448' title='bbox 1636 4212 1776 4274; x_wconf 89' lang='lat' dir='ltr'>mundus</span> <span class='ocrx_word' id='word_1_449' title='bbox 1789 4205 1846 4268; x_wconf 85' lang='lat' dir='ltr'>luit</span> <span class='ocrx_word' id='word_1_450' title='bbox 1857 4213 1919 4262; x_wconf 92' lang='lat' dir='ltr'>con·</span> 
     </span>
     <span class='ocr_line' id='line_1_41' title="bbox 279 4301 1918 4390; baseline -0.004 -21"><span class='ocrx_word' id='word_1_451' title='bbox 279 4309 710 4390; x_wconf 77' lang='lat' dir='ltr'>pbetachjcmiumpuertt</span> <span class='ocrx_word' id='word_1_452' title='bbox 725 4314 856 4372; x_wconf 68' lang='lat' dir='ltr'>nensis</span> <span class='ocrx_word' id='word_1_453' title='bbox 867 4313 1085 4385; x_wconf 77' lang='lat' dir='ltr'>etjajaatmn</span> <span class='ocrx_word' id='word_1_454' title='bbox 1139 4307 1237 4380; x_wconf 75' lang='lat' dir='ltr'>ditus,</span> <span class='ocrx_word' id='word_1_455' title='bbox 1255 4308 1288 4370; x_wconf 90' lang='lat' dir='ltr'>et</span> <span class='ocrx_word' id='word_1_456' title='bbox 1300 4308 1489 4385; x_wconf 90' lang='lat' dir='ltr'>redemptus</span> <span class='ocrx_word' id='word_1_457' title='bbox 1508 4330 1516 4369; x_wconf 78' lang='grc' dir='ltr'><strong>ε</strong></span> <span class='ocrx_word' id='word_1_458' title='bbox 1537 4310 1584 4372; x_wconf 83' lang='lat' dir='ltr'>nt</span> <span class='ocrx_word' id='word_1_459' title='bbox 1603 4314 1748 4372; x_wconf 81' lang='lat' dir='ltr'>verbum</span> <span class='ocrx_word' id='word_1_460' title='bbox 1764 4317 1839 4368; x_wconf 85' lang='lat' dir='ltr'>cero</span> <span class='ocrx_word' id='word_1_461' title='bbox 1857 4301 1918 4374; x_wconf 68' lang='lat' dir='ltr'>sae·</span> 
     </span>
     <span class='ocr_line' id='line_1_42' title="bbox 280 4395 1915 4483; baseline -0.004 -15"><span class='ocrx_word' id='word_1_462' title='bbox 280 4408 392 4482; x_wconf 82' lang='lat' dir='ltr'>quinti</span> <span class='ocrx_word' id='word_1_463' title='bbox 406 4407 620 4481; x_wconf 64' lang='lat' dir='ltr'>arpennem</span> <span class='ocrx_word' id='word_1_464' title='bbox 632 4410 782 4483; x_wconf 80' lang='lat' dir='ltr'>septimi,</span> <span class='ocrx_word' id='word_1_465' title='bbox 795 4409 1013 4481; x_wconf 78' lang='lat' dir='ltr'>etjejantum</span> <span class='ocrx_word' id='word_1_466' title='bbox 1024 4413 1085 4472; x_wconf 84' lang='lat' dir='ltr'>de·</span> <span class='ocrx_word' id='word_1_467' title='bbox 1139 4406 1212 4466; x_wconf 79' lang='lat' dir='ltr'>tam</span> <span class='ocrx_word' id='word_1_468' title='bbox 1231 4407 1284 4469; x_wconf 85' lang='lat' dir='ltr'>cst</span> <span class='ocrx_word' id='word_1_469' title='bbox 1303 4407 1336 4469; x_wconf 85' lang='lat' dir='ltr'>et</span> <span class='ocrx_word' id='word_1_470' title='bbox 1356 4407 1523 4470; x_wconf 79' lang='lat' dir='ltr'>habitauit</span> <span class='ocrx_word' id='word_1_471' title='bbox 1541 4410 1579 4468; x_wconf 84' lang='lat' dir='ltr'>tn</span> <span class='ocrx_word' id='word_1_472' title='bbox 1597 4411 1704 4470; x_wconf 70' lang='lat' dir='ltr'>orodis.</span> <span class='ocrx_word' id='word_1_473' title='bbox 1721 4399 1856 4482; x_wconf 85' lang='lat' dir='ltr'>injurio</span> <span class='ocrx_word' id='word_1_474' title='bbox 1869 4395 1915 4455; x_wconf 72' lang='lat' dir='ltr'>lex</span> 
     </span>
     <span class='ocr_line' id='line_1_43' title="bbox 279 4489 1912 4583; baseline 0 -17"><span class='ocrx_word' id='word_1_475' title='bbox 279 4508 361 4568; x_wconf 81' lang='lat' dir='ltr'>cinci</span> <span class='ocrx_word' id='word_1_476' title='bbox 383 4507 451 4568; x_wconf 78' lang='lat' dir='ltr'>emt</span> <span class='ocrx_word' id='word_1_477' title='bbox 472 4509 566 4568; x_wconf 80' lang='lat' dir='ltr'>cobis</span> <span class='ocrx_word' id='word_1_478' title='bbox 583 4509 622 4566; x_wconf 81' lang='lat' dir='ltr'>tn</span> <span class='ocrx_word' id='word_1_479' title='bbox 634 4509 802 4583; x_wconf 71' lang='lat' dir='ltr'>goudium</span> <span class='ocrx_word' id='word_1_480' title='bbox 817 4507 850 4568; x_wconf 85' lang='lat' dir='ltr'>et</span> <span class='ocrx_word' id='word_1_481' title='bbox 865 4510 902 4568; x_wconf 83' lang='lat' dir='ltr'>tn</span> <span class='ocrx_word' id='word_1_482' title='bbox 917 4510 1083 4570; x_wconf 76' lang='lat' dir='ltr'>solemni-</span> <span class='ocrx_word' id='word_1_483' title='bbox 1137 4503 1200 4566; x_wconf 83' lang='lat' dir='ltr'>luit</span> <span class='ocrx_word' id='word_1_484' title='bbox 1220 4505 1352 4566; x_wconf 90' lang='lat' dir='ltr'>condita</span> <span class='ocrx_word' id='word_1_485' title='bbox 1374 4505 1407 4566; x_wconf 87' lang='lat' dir='ltr'>et</span> <span class='ocrx_word' id='word_1_486' title='bbox 1427 4504 1653 4567; x_wconf 89' lang='lat' dir='ltr'>sanctuarium</span> <span class='ocrx_word' id='word_1_487' title='bbox 1676 4502 1866 4567; x_wconf 77' lang='lat' dir='ltr'>institutum.</span> <span class='ocrx_word' id='word_1_488' title='bbox 1886 4489 1912 4550; x_wconf 71' lang='grc' dir='ltr'>θῑ</span> 
     </span>
     <span class='ocr_line' id='line_1_44' title="bbox 278 4595 1913 4684; baseline -0.009 -19"><span class='ocrx_word' id='word_1_489' title='bbox 278 4603 368 4666; x_wconf 85' lang='lat' dir='ltr'>tates</span> <span class='ocrx_word' id='word_1_490' title='bbox 377 4609 571 4678; x_wconf 67' lang='lat' dir='ltr'>praeclaras</span> <span class='ocrx_word' id='word_1_491' title='bbox 585 4601 711 4682; x_wconf 74' lang='lat' dir='ltr'>(zach,</span> <span class='ocrx_word' id='word_1_492' title='bbox 728 4619 800 4676; x_wconf 80' lang='lat' dir='ltr'>vin,</span> <span class='ocrx_word' id='word_1_493' title='bbox 819 4601 883 4684; x_wconf 83' lang='lat'>19).</span> <span class='ocrx_word' id='word_1_494' title='bbox 1138 4604 1433 4678; x_wconf 87' lang='lat' dir='ltr'>Praecursornatus</span> <span class='ocrx_word' id='word_1_495' title='bbox 1450 4602 1500 4665; x_wconf 90' lang='lat' dir='ltr'>est</span> <span class='ocrx_word' id='word_1_496' title='bbox 1515 4602 1708 4666; x_wconf 81' lang='lat' dir='ltr'>salvatoris</span> <span class='ocrx_word' id='word_1_497' title='bbox 1731 4605 1767 4665; x_wconf 89' lang='lat' dir='ltr'>ln</span> <span class='ocrx_word' id='word_1_498' title='bbox 1788 4595 1913 4672; x_wconf 89' lang='lat' dir='ltr'>septem·</span> 
     </span>
     <span class='ocr_line' id='line_1_45' title="bbox 316 4693 1914 4780; baseline -0.006 -18"><span class='ocrx_word' id='word_1_499' title='bbox 316 4701 486 4780; x_wconf 85' lang='lat' dir='ltr'>Jejunium</span> <span class='ocrx_word' id='word_1_500' title='bbox 500 4701 610 4780; x_wconf 84' lang='lat' dir='ltr'>quarti</span> <span class='ocrx_word' id='word_1_501' title='bbox 622 4702 774 4780; x_wconf 86' lang='lat' dir='ltr'>designat</span> <span class='ocrx_word' id='word_1_502' title='bbox 784 4700 1019 4765; x_wconf 89' lang='lat' dir='ltr'>abstinentiam</span> <span class='ocrx_word' id='word_1_503' title='bbox 1033 4703 1084 4764; x_wconf 89' lang='lat' dir='ltr'>ci·</span> <span class='ocrx_word' id='word_1_504' title='bbox 1137 4697 1206 4761; x_wconf 87' lang='lat' dir='ltr'>bris</span> <span class='ocrx_word' id='word_1_505' title='bbox 1225 4700 1372 4776; x_wconf 81' lang='lat' dir='ltr'>expiatio</span> <span class='ocrx_word' id='word_1_506' title='bbox 1390 4699 1478 4762; x_wconf 84' lang='lat' dir='ltr'>facta</span> <span class='ocrx_word' id='word_1_507' title='bbox 1499 4702 1550 4762; x_wconf 90' lang='lat' dir='ltr'>est</span> <span class='ocrx_word' id='word_1_508' title='bbox 1570 4701 1603 4763; x_wconf 93' lang='lat' dir='ltr'>et</span> <span class='ocrx_word' id='word_1_509' title='bbox 1621 4697 1807 4779; x_wconf 89' lang='lat' dir='ltr'>propitiatio</span> <span class='ocrx_word' id='word_1_510' title='bbox 1824 4693 1914 4765; x_wconf 83' lang='lat' dir='ltr'>impe-</span> 
     </span>
     <span class='ocr_line' id='line_1_46' title="bbox 274 4784 1915 4880; baseline -0.005 -22"><span class='ocrx_word' id='word_1_511' title='bbox 274 4795 405 4872; x_wconf 90' lang='lat' dir='ltr'>borum,</span> <span class='ocrx_word' id='word_1_512' title='bbox 426 4802 504 4876; x_wconf 89' lang='lat' dir='ltr'>quia</span> <span class='ocrx_word' id='word_1_513' title='bbox 530 4801 673 4878; x_wconf 85' lang='lat' dir='ltr'>quatuor</span> <span class='ocrx_word' id='word_1_514' title='bbox 695 4800 772 4863; x_wconf 90' lang='lat' dir='ltr'>sunt</span> <span class='ocrx_word' id='word_1_515' title='bbox 794 4800 957 4863; x_wconf 87' lang='lat' dir='ltr'>elementa</span> <span class='ocrx_word' id='word_1_516' title='bbox 981 4801 1082 4880; x_wconf 89' lang='lat' dir='ltr'>hujus</span> <span class='ocrx_word' id='word_1_517' title='bbox 1136 4797 1234 4870; x_wconf 90' lang='lat' dir='ltr'>trata,</span> <span class='ocrx_word' id='word_1_518' title='bbox 1251 4799 1284 4860; x_wconf 88' lang='lat' dir='ltr'>et</span> <span class='ocrx_word' id='word_1_519' title='bbox 1297 4797 1404 4860; x_wconf 90' lang='lat' dir='ltr'>mater</span> <span class='ocrx_word' id='word_1_520' title='bbox 1418 4799 1556 4861; x_wconf 91' lang='lat' dir='ltr'>ortaest</span> <span class='ocrx_word' id='word_1_521' title='bbox 1570 4796 1805 4877; x_wconf 88' lang='lat' dir='ltr'>Redemptoris.</span> <span class='ocrx_word' id='word_1_522' title='bbox 1822 4784 1915 4851; x_wconf 85' lang='lat' dir='ltr'>lude·</span> 
     </span>
     <span class='ocr_line' id='line_1_47' title="bbox 276 4885 1910 4976; baseline -0.004 -22"><span class='ocrx_word' id='word_1_523' title='bbox 276 4895 392 4955; x_wconf 89' lang='lat' dir='ltr'>mundi</span> <span class='ocrx_word' id='word_1_524' title='bbox 408 4911 467 4973; x_wconf 92' lang='lat' dir='ltr'>per</span> <span class='ocrx_word' id='word_1_525' title='bbox 482 4914 555 4974; x_wconf 86' lang='lat' dir='ltr'>quae</span> <span class='ocrx_word' id='word_1_526' title='bbox 575 4898 738 4960; x_wconf 88' lang='lat' dir='ltr'>elementa</span> <span class='ocrx_word' id='word_1_527' title='bbox 754 4897 847 4960; x_wconf 86' lang='lat' dir='ltr'>cibus</span> <span class='ocrx_word' id='word_1_528' title='bbox 867 4899 1083 4961; x_wconf 89' lang='lat' dir='ltr'>administra·</span> <span class='ocrx_word' id='word_1_529' title='bbox 1137 4895 1259 4956; x_wconf 86' lang='lat' dir='ltr'>cambri</span> <span class='ocrx_word' id='word_1_530' title='bbox 1274 4895 1467 4957; x_wconf 91' lang='lat' dir='ltr'>mundatum</span> <span class='ocrx_word' id='word_1_531' title='bbox 1490 4896 1553 4958; x_wconf 82' lang='lat' dir='ltr'>suit</span> <span class='ocrx_word' id='word_1_532' title='bbox 1572 4898 1730 4976; x_wconf 92' lang='lat' dir='ltr'>templum</span> <span class='ocrx_word' id='word_1_533' title='bbox 1749 4895 1780 4956; x_wconf 90' lang='lat' dir='ltr'>et</span> <span class='ocrx_word' id='word_1_534' title='bbox 1792 4885 1910 4952; x_wconf 83' lang='lat' dir='ltr'>dedica-</span> 
     </span>
     <span class='ocr_line' id='line_1_48' title="bbox 273 4973 1913 5072; baseline -0.007 -18"><span class='ocrx_word' id='word_1_535' title='bbox 273 4993 340 5065; x_wconf 88' lang='lat' dir='ltr'>tur,</span> <span class='ocrx_word' id='word_1_536' title='bbox 355 4991 522 5065; x_wconf 82' lang='lat' dir='ltr'>videlicet,</span> <span class='ocrx_word' id='word_1_537' title='bbox 544 4999 645 5066; x_wconf 88' lang='lat' dir='ltr'>terra,</span> <span class='ocrx_word' id='word_1_538' title='bbox 662 5009 760 5072; x_wconf 89' lang='lat' dir='ltr'>aqua,</span> <span class='ocrx_word' id='word_1_539' title='bbox 776 4995 876 5071; x_wconf 78' lang='lat' dir='ltr'>ignis,</span> <span class='ocrx_word' id='word_1_540' title='bbox 900 4997 933 5059; x_wconf 92' lang='lat' dir='ltr'>et</span> <span class='ocrx_word' id='word_1_541' title='bbox 947 5011 1015 5058; x_wconf 89' lang='lat' dir='ltr'>aer.</span> <span class='ocrx_word' id='word_1_542' title='bbox 1033 4999 1081 5058; x_wconf 88' lang='lat' dir='ltr'>De</span> <span class='ocrx_word' id='word_1_543' title='bbox 1136 4991 1216 5064; x_wconf 90' lang='lat' dir='ltr'>tum,</span> <span class='ocrx_word' id='word_1_544' title='bbox 1240 4991 1273 5053; x_wconf 90' lang='lat' dir='ltr'>et</span> <span class='ocrx_word' id='word_1_545' title='bbox 1293 4991 1390 5052; x_wconf 91' lang='lat' dir='ltr'>natus</span> <span class='ocrx_word' id='word_1_546' title='bbox 1416 4993 1467 5054; x_wconf 89' lang='lat' dir='ltr'>est</span> <span class='ocrx_word' id='word_1_547' title='bbox 1487 4994 1678 5070; x_wconf 86' lang='lat' dir='ltr'>unigenitus</span> <span class='ocrx_word' id='word_1_548' title='bbox 1698 4985 1863 5056; x_wconf 76' lang='lat' dir='ltr'>creatoris.</span> <span class='ocrx_word' id='word_1_549' title='bbox 1881 4973 1913 5036; x_wconf 73' lang='lat' dir='ltr'>El</span> 
     </span>
     <span class='ocr_line' id='line_1_49' title="bbox 273 5078 1914 5170; baseline -0.009 -19"><span class='ocrx_word' id='word_1_550' title='bbox 273 5087 363 5152; x_wconf 83' lang='lat' dir='ltr'>t&#39;erra</span> <span class='ocrx_word' id='word_1_551' title='bbox 376 5089 539 5168; x_wconf 89' lang='lat' dir='ltr'>prodeunt</span> <span class='ocrx_word' id='word_1_552' title='bbox 551 5106 665 5152; x_wconf 90' lang='lat' dir='ltr'>omnes</span> <span class='ocrx_word' id='word_1_553' title='bbox 680 5091 757 5163; x_wconf 92' lang='lat' dir='ltr'>cibi,</span> <span class='ocrx_word' id='word_1_554' title='bbox 770 5091 799 5152; x_wconf 88' lang='lat' dir='ltr'>si</span> <span class='ocrx_word' id='word_1_555' title='bbox 812 5108 898 5169; x_wconf 88' lang='lat' dir='ltr'>aqua</span> <span class='ocrx_word' id='word_1_556' title='bbox 907 5093 1078 5170; x_wconf 89' lang='lat' dir='ltr'>irrigetur,</span> <span class='ocrx_word' id='word_1_557' title='bbox 1136 5090 1214 5167; x_wconf 89' lang='lat' dir='ltr'>quia</span> <span class='ocrx_word' id='word_1_558' title='bbox 1228 5089 1394 5168; x_wconf 79' lang='lat' dir='ltr'>jeiunium</span> <span class='ocrx_word' id='word_1_559' title='bbox 1414 5090 1563 5168; x_wconf 92' lang='lat' dir='ltr'>tempore</span> <span class='ocrx_word' id='word_1_560' title='bbox 1585 5089 1779 5170; x_wconf 91' lang='lat' dir='ltr'>acceptabili</span> <span class='ocrx_word' id='word_1_561' title='bbox 1799 5078 1914 5146; x_wconf 39' lang='lat' dir='ltr'>institue</span> 
     </span>
     <span class='ocr_line' id='line_1_50' title="bbox 274 5167 1913 5266; baseline -0.002 -16"><span class='ocrx_word' id='word_1_562' title='bbox 274 5187 307 5250; x_wconf 92' lang='lat' dir='ltr'>et</span> <span class='ocrx_word' id='word_1_563' title='bbox 320 5188 429 5251; x_wconf 80' lang='lat' dir='ltr'>ventis</span> <span class='ocrx_word' id='word_1_564' title='bbox 444 5189 500 5266; x_wconf 88' lang='lat' dir='ltr'>qui</span> <span class='ocrx_word' id='word_1_565' title='bbox 516 5189 593 5251; x_wconf 88' lang='lat' dir='ltr'>sunt</span> <span class='ocrx_word' id='word_1_566' title='bbox 608 5189 645 5250; x_wconf 91' lang='lat' dir='ltr'>in</span> <span class='ocrx_word' id='word_1_567' title='bbox 661 5203 739 5250; x_wconf 89' lang='lat' dir='ltr'>aere</span> <span class='ocrx_word' id='word_1_568' title='bbox 753 5189 943 5261; x_wconf 79' lang='lat' dir='ltr'>ventiletur,</span> <span class='ocrx_word' id='word_1_569' title='bbox 961 5191 994 5253; x_wconf 89' lang='lat' dir='ltr'>et</span> <span class='ocrx_word' id='word_1_570' title='bbox 1010 5191 1080 5254; x_wconf 88' lang='lat' dir='ltr'>sole</span> <span class='ocrx_word' id='word_1_571' title='bbox 1136 5187 1205 5249; x_wconf 90' lang='lat' dir='ltr'>tum</span> <span class='ocrx_word' id='word_1_572' title='bbox 1219 5188 1270 5249; x_wconf 90' lang='lat' dir='ltr'>est</span> <span class='ocrx_word' id='word_1_573' title='bbox 1285 5187 1320 5247; x_wconf 93' lang='lat' dir='ltr'>in</span> <span class='ocrx_word' id='word_1_574' title='bbox 1335 5187 1518 5250; x_wconf 89' lang='lat' dir='ltr'>subsidium</span> <span class='ocrx_word' id='word_1_575' title='bbox 1533 5191 1736 5266; x_wconf 82' lang='lat' dir='ltr'>poenitentiae</span> <span class='ocrx_word' id='word_1_576' title='bbox 1750 5182 1873 5249; x_wconf 80' lang='lat' dir='ltr'>nostra,</span> <span class='ocrx_word' id='word_1_577' title='bbox 1887 5167 1913 5230; x_wconf 66' lang='grc' dir='ltr'>θῑ</span> 
     </span>
     <span class='ocr_line' id='line_1_51' title="bbox 273 5273 1912 5365; baseline -0.009 -16"><span class='ocrx_word' id='word_1_578' title='bbox 273 5287 431 5364; x_wconf 88' lang='lat' dir='ltr'>tanquam</span> <span class='ocrx_word' id='word_1_579' title='bbox 448 5287 525 5364; x_wconf 88' lang='lat' dir='ltr'>igne</span> <span class='ocrx_word' id='word_1_580' title='bbox 544 5287 686 5350; x_wconf 83' lang='lat' dir='ltr'>calebat.</span> <span class='ocrx_word' id='word_1_581' title='bbox 704 5287 878 5365; x_wconf 85' lang='lat' dir='ltr'>Jejunium</span> <span class='ocrx_word' id='word_1_582' title='bbox 892 5289 1004 5362; x_wconf 72' lang='lat' dir='ltr'>quine</span> <span class='ocrx_word' id='word_1_583' title='bbox 1019 5288 1080 5352; x_wconf 89' lang='lat' dir='ltr'>de-</span> <span class='ocrx_word' id='word_1_584' title='bbox 1135 5285 1230 5346; x_wconf 90' lang='lat' dir='ltr'>multi</span> <span class='ocrx_word' id='word_1_585' title='bbox 1242 5288 1313 5363; x_wconf 86' lang='lat' dir='ltr'>jam</span> <span class='ocrx_word' id='word_1_586' title='bbox 1332 5285 1504 5361; x_wconf 89' lang='lat' dir='ltr'>perierunt</span> <span class='ocrx_word' id='word_1_587' title='bbox 1522 5287 1721 5364; x_wconf 87' lang='lat' dir='ltr'>pergulam,</span> <span class='ocrx_word' id='word_1_588' title='bbox 1740 5299 1797 5348; x_wconf 90' lang='lat' dir='ltr'>nos</span> <span class='ocrx_word' id='word_1_589' title='bbox 1810 5273 1912 5340; x_wconf 82' lang='lat' dir='ltr'>iratres</span> 
     </span>
     <span class='ocr_line' id='line_1_52' title="bbox 273 5369 1911 5462; baseline 0.004 -17"><span class='ocrx_word' id='word_1_590' title='bbox 273 5385 384 5461; x_wconf 89' lang='lat' dir='ltr'>signat</span> <span class='ocrx_word' id='word_1_591' title='bbox 393 5383 626 5447; x_wconf 88' lang='lat' dir='ltr'>abstinentiam</span> <span class='ocrx_word' id='word_1_592' title='bbox 636 5385 848 5448; x_wconf 87' lang='lat' dir='ltr'>saecularium</span> <span class='ocrx_word' id='word_1_593' title='bbox 856 5383 1076 5462; x_wconf 88' lang='lat' dir='ltr'>negotiorum,</span> <span class='ocrx_word' id='word_1_594' title='bbox 1135 5383 1280 5446; x_wconf 91' lang='lat' dir='ltr'>nitamur</span> <span class='ocrx_word' id='word_1_595' title='bbox 1294 5381 1423 5461; x_wconf 89' lang='lat' dir='ltr'>jejunio</span> <span class='ocrx_word' id='word_1_596' title='bbox 1450 5384 1564 5447; x_wconf 91' lang='lat' dir='ltr'>contra</span> <span class='ocrx_word' id='word_1_597' title='bbox 1588 5385 1711 5462; x_wconf 89' lang='lat' dir='ltr'>gulam.</span> <span class='ocrx_word' id='word_1_598' title='bbox 1737 5387 1798 5447; x_wconf 91' lang='lat' dir='ltr'>Per</span> <span class='ocrx_word' id='word_1_599' title='bbox 1817 5369 1911 5451; x_wconf 77' lang='lat' dir='ltr'>gulam</span> 
     </span>
     <span class='ocr_line' id='line_1_53' title="bbox 274 5471 1910 5563; baseline -0.011 -17"><span class='ocrx_word' id='word_1_600' title='bbox 274 5483 442 5563; x_wconf 83' lang='lat' dir='ltr'>quiasunt</span> <span class='ocrx_word' id='word_1_601' title='bbox 457 5483 602 5561; x_wconf 82' lang='lat' dir='ltr'>quinque</span> <span class='ocrx_word' id='word_1_602' title='bbox 619 5499 737 5545; x_wconf 88' lang='lat' dir='ltr'>sensus</span> <span class='ocrx_word' id='word_1_603' title='bbox 753 5483 902 5561; x_wconf 88' lang='lat' dir='ltr'>corporis</span> <span class='ocrx_word' id='word_1_604' title='bbox 917 5498 977 5561; x_wconf 89' lang='lat' dir='ltr'>per</span> <span class='ocrx_word' id='word_1_605' title='bbox 996 5500 1078 5562; x_wconf 87' lang='lat' dir='ltr'>quos</span> <span class='ocrx_word' id='word_1_606' title='bbox 1133 5482 1237 5542; x_wconf 84' lang='lat' dir='ltr'>Adam</span> <span class='ocrx_word' id='word_1_607' title='bbox 1277 5479 1396 5558; x_wconf 89' lang='lat' dir='ltr'>periit,</span> <span class='ocrx_word' id='word_1_608' title='bbox 1436 5481 1519 5544; x_wconf 87' lang='lat' dir='ltr'>Loth</span> <span class='ocrx_word' id='word_1_609' title='bbox 1557 5485 1722 5547; x_wconf 86' lang='lat' dir='ltr'>commisit</span> <span class='ocrx_word' id='word_1_610' title='bbox 1757 5471 1910 5548; x_wconf 84' lang='lat' dir='ltr'>incestum·</span> 
     </span>
     <span class='ocr_line' id='line_1_54' title="bbox 275 5567 1898 5658; baseline -0.002 -18"><span class='ocrx_word' id='word_1_611' title='bbox 275 5581 387 5644; x_wconf 90' lang='lat' dir='ltr'>omnia</span> <span class='ocrx_word' id='word_1_612' title='bbox 409 5581 542 5658; x_wconf 89' lang='lat' dir='ltr'>negotia</span> <span class='ocrx_word' id='word_1_613' title='bbox 558 5581 767 5652; x_wconf 83' lang='lat' dir='ltr'>exercentur,</span> <span class='ocrx_word' id='word_1_614' title='bbox 787 5579 953 5652; x_wconf 78' lang='lat' dir='ltr'>videlicet,</span> <span class='ocrx_word' id='word_1_615' title='bbox 971 5581 1075 5655; x_wconf 88' lang='lat' dir='ltr'>visus,</span> <span class='ocrx_word' id='word_1_616' title='bbox 1132 5578 1272 5656; x_wconf 88' lang='lat' dir='ltr'>Propter</span> <span class='ocrx_word' id='word_1_617' title='bbox 1277 5578 1443 5656; x_wconf 77' lang='lat' dir='ltr'>jejtmium</span> <span class='ocrx_word' id='word_1_618' title='bbox 1457 5579 1515 5642; x_wconf 91' lang='lat' dir='ltr'>aut</span> <span class='ocrx_word' id='word_1_619' title='bbox 1533 5579 1766 5656; x_wconf 89' lang='lat' dir='ltr'>abstinentiam</span> <span class='ocrx_word' id='word_1_620' title='bbox 1776 5568 1849 5638; x_wconf 83' lang='lat' dir='ltr'>socii</span> <span class='ocrx_word' id='word_1_621' title='bbox 1858 5567 1898 5626; x_wconf 82' lang='lat' dir='ltr'>Da</span> 
     </span>
     <span class='ocr_line' id='line_1_55' title="bbox 277 5663 1979 5762; baseline -0.012 -22"><span class='ocrx_word' id='word_1_622' title='bbox 277 5677 422 5749; x_wconf 84' lang='lat' dir='ltr'>auditus,</span> <span class='ocrx_word' id='word_1_623' title='bbox 434 5681 560 5756; x_wconf 86' lang='lat' dir='ltr'>gustus,</span> <span class='ocrx_word' id='word_1_624' title='bbox 574 5677 730 5742; x_wconf 83' lang='lat' dir='ltr'>odoratus</span> <span class='ocrx_word' id='word_1_625' title='bbox 741 5678 1075 5762; x_wconf 66' lang='lat' dir='ltr'>attactus-ieiunium</span> <span class='ocrx_word' id='word_1_626' title='bbox 1132 5676 1200 5738; x_wconf 89' lang='lat' dir='ltr'>niel</span> <span class='ocrx_word' id='word_1_627' title='bbox 1225 5679 1402 5739; x_wconf 80' lang='lat' dir='ltr'>eraserunt</span> <span class='ocrx_word' id='word_1_628' title='bbox 1430 5677 1631 5741; x_wconf 89' lang='lat' dir='ltr'>incendium.</span> <span class='ocrx_word' id='word_1_629' title='bbox 1658 5680 1793 5758; x_wconf 91' lang='lat' dir='ltr'>Propter</span> <span class='ocrx_word' id='word_1_630' title='bbox 1813 5663 1908 5748; x_wconf 81' lang='lat' dir='ltr'>gulam</span> <span class='ocrx_word' id='word_1_631' title='bbox 1978 5705 1979 5714; x_wconf 48' lang='lat'>2</span> 
     </span>
    </p>
   </div>
   <div class='ocr_carea' id='block_1_5' title="bbox 0 0 2006 6301">
    <p class='ocr_par' dir='ltr' id='par_1_6' title="bbox 0 0 2006 6301">
     <span class='ocr_line' id='line_1_56' title="bbox 0 0 2006 6301; baseline 0 0"><span class='ocrx_word' id='word_1_632' title='bbox 0 0 2006 6301; x_wconf 95' lang='lat' dir='ltr'> </span> 
     </span>
    </p>
   </div>
  </div>
 </body>
</html>
