3984 6292
52 329 111 396 529

92 495 132 554 ln
148 491 340 570 episcopatu
351 487 559 556 Torcellano.

93 593 134 651 In
149 588 341 668 episcopatu
352 588 536 666 Aquilensl.
595 605 597 610 ·

92 689 133 748 In
147 685 340 765 episcopatu
351 685 559 764 caprulensi.

42 791 57 849 ἢ
93 785 134 844 In
147 780 338 861 episcopatu
351 781 512 844 Closensi.

93 883 133 941 In
146 879 338 958 episcopatu
351 879 501 942 Civitatis
512 880 627 942 Novae.

93 979 133 1038 In
146 976 434 1056 archiepiscopatu
447 978 466 1039 J
468 976 615 1040 adransi.

92 1077 133 1137 In
148 1074 339 1154 episcopatu
355 1074 497 1152 signesi.

93 1174 133 1233 ln
149 1172 341 1250 episcopatu
351 1171 544 1235 Ausarensi.

91 1272 132 1330 In
148 1269 339 1347 episcopatu
350 1269 519 1347 veglensi.

92 1368 132 1428 In
147 1367 339 1446 episcopatu
352 1366 506 1431 Arhensi.

90 1467 138 1528 In.
149 1455 341 1544 episcopatu
354 1464 517 1530 Nouensi.

90 1563 132 1624 In
146 1562 433 1641 archiepiscopatu
448 1561 655 1642 Spalatrensi
672 1578 680 1619 z
699 1561 848 1626 Ecclesia

50 1660 172 1722 Sancti
186 1659 337 1738 Gregorii
350 1659 482 1722 Militiae
497 1660 636 1740 Templi,
652 1676 756 1722 unum
770 1675 846 1722 ma-

49 1757 258 1820 ranutinum.

89 1857 133 1916 In
149 1854 340 1934 episcopatu
351 1855 579 1934 Traguricnsi.

89 1953 133 2012 In
146 1951 338 2031 episcopatu
351 1952 585 2016 scardonensi.

87 2051 131 2109 In
147 2048 340 2128 episcopatu
353 2050 537 2114 croatensi.

88 2147 131 2208 In
147 2143 340 2226 episcopatu
353 2145 571 2232 Kerbavensi.

312 2364 403 2426 SLA
416 2363 584 2426 VONIA.

87 2541 130 2600 In
146 2537 434 2618 archiepiscopatu
448 2539 614 2616 Rugusiae.

87 2638 130 2697 In
143 2635 336 2714 episcopatu
351 2637 541 2714 stagnensi.

88 2735 131 2798 In
146 2733 339 2812 episcopatu
352 2733 565 2796 Bossenensi.

89 2833 132 2894 In
147 2831 340 2909 episcopatu
353 2831 578 2894 Tribuniensi.

86 2931 130 2990 In
146 2928 339 3006 episcopatu
353 2929 574 2992 catarinensi.

86 3029 129 3088 In
143 3025 336 3103 episcopatu
345 3028 454 3089 Rosae.

86 3125 129 3186 In
145 3123 338 3201 episcopatu
350 3123 565 3186 Biduanensi.

88 3223 129 3281 In
144 3219 337 3299 episcopatu
356 3222 583 3284 Antirareusi.

86 3320 128 3379 In
143 3318 335 3397 episcopatu
348 3317 578 3382 Dulohinensi.

88 3418 129 3476 In
145 3415 337 3493 episcopatu
353 3416 563 3478 suacinensi.

86 3515 127 3574 In
143 3512 335 3590 episcopatu
349 3513 567 3576 Drivastensi.

86 3611 126 3670 In
140 3610 334 3688 episcopatu
350 3610 531 3673 Polatensi.

85 3709 124 3768 ln
140 3705 333 3785 episcopatu
349 3706 575 3772 scodrinensi.

84 3807 125 3866 ln
140 3804 332 3883 episcopatu
345 3804 544 3877 arbanensi.

305 4020 587 4110 noueram.

82 4197 125 4255 In
148 4193 440 4273 archiepiscopatu
461 4181 683 4272 strigoniensi
700 4216 707 4255 ε
723 4194 847 4274 Hospi-

34 4291 112 4354 tale
139 4290 255 4354 Sancti
282 4291 454 4371 Stephani,
478 4309 580 4355 unam
609 4292 742 4370 unciam
757 4292 842 4367 auri,

36 4387 371 4468 quaedioiturohon.
611 4453 613 4459 ,

82 4485 328 4549 Monastorium
353 4487 467 4550 Sancti
490 4487 673 4551 salvatoris
700 4486 741 4549 de
763 4489 846 4550 Sea-

33 4583 151 4656 lezad,
165 4585 399 4647 2romanatcs.

82 4684 124 4742 In
139 4680 334 4758 episcopatu
347 4681 516 4759 Agriensi.

82 4780 123 4839 In
137 4777 333 4854 episcopatu
344 4779 519 4842 Nitriensi.

81 4877 123 4936 ln
139 4874 335 4952 episcopatu
346 4876 524 4939 watiensi.

81 4974 124 5032 In
140 4971 336 5049 episcopatu
349 4973 549 5039 Javariensi.

80 5071 121 5130 In
137 5069 334 5147 episcopatu
349 5069 732 5150 Quinque-ecclesiensi.

80 5169 121 5228 In
160 5165 353 5244 episcopatu
388 5169 628 5246 vesprimiensi
659 5169 843 5232 :Ecclesia

32 5262 162 5325 Sancti
178 5264 340 5341 Stephani
354 5266 444 5342 regis
460 5266 547 5344 apud
568 5267 713 5329 castrum
733 5266 845 5330 Belle-

27 5361 264 5438 grade‚unam
275 5364 840 5442 marcamauri.QuaeestHospitale.

82 5458 272 5535 simigense
291 5461 531 5523 monasterium
551 5460 648 5524 debet
665 5461 840 5536 fertonem,

26 5560 101 5620 aut
119 5555 205 5618 duas
226 5557 343 5620 uncias
367 5560 442 5621 anri
462 5558 496 5620 in
523 5559 630 5636 Rigell
635 5604 777 5622 .....
800 5561 840 5622 ad

25 5654 175 5738 poncius
191 5656 383 5733 Hungariae.

687 331 818 398 -LIBER
839 328 1052 396 antistium,

1636 321 1696 394 5³0

941 491 981 552 In
998 485 1287 566 archiepiscopatu
1301 482 1487 548 colocensi.

943 591 981 650 ln
995 585 1188 666 episcopatu
1201 583 1446 648 Uitrasilvano:
1465 581 1560 643 Nova
1579 579 1698 644 domus

901 685 1181 748 Tlieutonicorum
1202 681 1239 744 in
1253 683 1357 744 Borsa
1378 680 1466 743 ultra
1487 680 1617 742 montes
1638 679 1698 741 ci-

902 779 1003 854 vium,
1018 778 1115 842 debet
1135 791 1276 842 camerae
1292 790 1353 855 pro
1367 789 1472 837 censu
1486 789 1588 835 unam
1602 788 1697 834 mar-

902 893 975 940 cam
989 876 1075 950 auri.
1093 876 1134 939 Et
1145 875 1235 949 nota,
1251 873 1337 952 quod
1354 873 1428 952 ipsa
1442 871 1558 935 domus
1578 871 1697 934 octavo

902 991 991 1038 anno
1013 973 1225 1054 pontificatus
1250 968 1291 1054 (¹)
1309 969 1436 1033 domini
1460 968 1601 1037 Honorii
1625 970 1695 1030 Pa·

902 1089 954 1152 pas
967 1074 1024 1148 111,
1041 1071 1140 1150 coepu
1154 1069 1226 1133 ileri
1237 1067 1415 1132 censualis.
1590 1065 1594 1071 '

941 1173 980 1234 In
1018 1169 1212 1250 episcopatu
1252 1165 1467 1246 zagabriensi
1501 1182 1509 1222 ι
1547 1161 1696 1226 Ecclesia

903 1269 1034 1334 Sanctae
1045 1267 1163 1330 Mariae
1181 1266 1223 1330 de
1244 1265 1367 1328 calicis
1389 1263 1504 1345 Aquis,
1523 1277 1627 1325 unum
1644 1277 1697 1322 ro-

902 1367 1084 1430 manatum.

942 1467 981 1528 ln
996 1463 1189 1542 episcopatu
1202 1459 1426 1524 waradiensi.

942 1565 981 1625 In
993 1561 1185 1640 episcopatu
1197 1556 1404 1633 cenadiensi.

1179 1775 1414 1841 POLONIA.

829 1991 834 1996 -
942 1957 979 2016 In
993 1953 1285 2033 archiepiscopatu
1304 1949 1502 2022 Kenesensi‚
1527 1949 1581 2012 vel
1596 1950 1696 2010 (ines

901 2069 1010 2116 nansi.

941 2153 980 2213 In
1002 2150 1196 2230 episcopatu
1211 2147 1477 2212 Uredicilatensi.

906 2327 908 2330 Ι
941 2251 979 2312 In
994 2248 1188 2328 episcopatu
1199 2244 1388 2310 Lubicensi.

940 2349 978 2408 In
992 2346 1185 2426 episcopatu
1196 2343 1396 2423 Cujariensl.

940 2446 978 2506 In
998 2444 1191 2523 episcopatu
1200 2441 1353 2506 Plozensi
1369 2462 1377 2501 z
1392 2436 1610 2510 Waladisla0‚
1629 2434 1697 2496 dux

900 2541 1062 2616 Polonioe,
1083 2540 1179 2604 dehet
1199 2539 1341 2616 singulis
1364 2535 1537 2608 trienniis,
1554 2533 1697 2612 quatuor

900 2639 1005 2702 millia
1017 2653 1148 2702 marcas
1163 2638 1238 2700 auri
1248 2636 1290 2700 ad
1304 2636 1432 2715 pondus
1447 2632 1607 2696 Poloniae.

940 2739 978 2798 In
991 2734 1183 2814 episcopatu
1196 2733 1417 2796 cracoviensi.

876 2890 877 2894 ,
940 2833 1181 2912 inepiscopatu
1196 2829 1427 2895 Posnaniensi.

876 2931 877 2934 ’
939 2934 977 2994 In
992 2931 1184 3008 episcopatu
1195 2927 1426 2992 Massoviensi.

940 3031 978 3092 In
996 3027 1189 3107 episcopatu
1211 3025 1474 3098 Pomeraniensi,
1491 3023 1562 3086 sive
1583 3019 1707 3083 Cami-'

900 3125 996 3189 nensi
1012 3147 1020 3187 ε
1037 3127 1112 3203 Ipse
1125 3125 1313 3203 episcopus,¹
1327 3123 1490 3186 fertonem
1503 3119 1589 3183 auri.

1138 3339 1459 3438 ALEMANEIA.

939 3516 977 3576 In
996 3514 1285 3592 archiepiscopatu
1313 3511 1507 3590 Maguntino
1522 3532 1530 3572 z
1547 3507 1697 3571 Ecclesia

876 3646 879 3685 r
901 3612 1032 3674 Sanctae
1044 3611 1163 3674 Maria
1176 3611 1240 3674 sita
1252 3611 1288 3673 in
1302 3611 1387 3684 loco,
1404 3609 1460 3688 qui
1473 3608 1596 3672 dicitur
1608 3610 1699 3668 Pon·

877 3726 879 3777 :
898 3708 1029 3783 tebalie,
1046 3726 1149 3771 unum
1160 3707 1417 3772 marabutinum.

876 3780 879 3890 ff
939 3806 1089 3870 Ecclesia
1103 3807 1217 3870 Sancti
1228 3805 1391 3872 iohannis
1405 3805 1563 3884 Baptista
1576 3801 1612 3866 in
1625 3755 1705 3866 Sel-¹

876 3903 879 3934 ²
898 3903 965 3977 leot,
979 3920 1081 3968 unum
1095 3903 1353 3968 marabutinum.

877 4017 879 4055 τ
940 4000 1191 4075 Monasterium‚
1205 4001 1292 4080 quod
1306 4001 1428 4064 dicitur
1442 3999 1534 4063 Gella
1550 3997 1700 4062 Dominae

877 4132 880 4142 ·
899 4097 1064 4168 Paulina,
1077 4113 1179 4160 unum
1192 4095 1449 4163 marabutinum.

938 4194 1178 4258 Monasterlum
1193 4195 1529 4266 Remeresbrunense,
1542 4192 1626 4256 duos
1640 4207 1698 4254 so-

899 4289 984 4355 lidos
996 4289 1268 4355 trichordienses.

938 4389 1087 4453 Ecclesia
1107 4389 1324 4468 Regularium
1346 4387 1382 4452 in
1403 4387 1566 4462 Flaheim,
1592 4401 1696 4448 unum

877 4487 1156 4552 imarahutinum.

938 4585 1178 4650 Monasterinm
1189 4573 1376 4658 (iuerlierti,
1392 4599 1495 4646 unum
1515 4595 1698 4644 saracena-

898 4683 980 4748 tum.

938 4780 1179 4845 Monasterium
1204 4778 1401 4843 Monialinm
1425 4777 1554 4840 Sanctae
1582 4776 1698 4840 Mariae

898 4879 935 4940 in
948 4879 1093 4953 wetere,
1108 4893 1211 4939 unum
1226 4877 1387 4940 larionem
1402 4875 1543 4954 argenti.

937 4975 1177 5040 Monasterium
1202 4975 1316 5038 Sancti
1342 4973 1459 5038 Jacohi
1483 4970 1696 5034 lbermiensis

877 5091 881 5099 ·
899 5073 934 5133 in
946 5072 1135 5146 Heriordia,
1149 5089 1252 5141 unum
1266 5088 1417 5135 aureum.

938 5172 977 5233 ln
990 5170 1183 5249 episcopatu
1201 5169 1362 5247 Pragensi
1383 5191 1391 5230 ε
1411 5167 1560 5230 Ecclesia
1585 5164 1698 5226 Sancti

898 5269 989 5330 Petri
1003 5269 1039 5330 in
1053 5267 1244 5345 wisgrade,
1262 5269 1300 5330 12
1314 5281 1444 5328 marcas
1456 5263 1597 5340 argenti.

938 5365 1110 5444 Hospitale
1147 5365 1259 5428 Sancti
1292 5363 1463 5426 Francisci
1495 5361 1675 5438 Pragensis

898 5480 1001 5526 unum
1015 5463 1196 5526 bisantium
1211 5461 1396 5525 annuatim.

933 5664 971 5742 (⁹,
985 5664 1220 5725 incitamentum
1234 5663 1401 5722 recentioris
1413 5661 1568 5734 scriptoris.
