4066 6294
77 338 117 399 29
735 335 845 400 onuo
873 335 1087 402 nonnulis.
1255 299 1257 304 ⁸
1699 355 1740 418 30

79 516 182 580 nibus
208 517 371 596 providet,
394 533 454 596 pro
478 515 631 583 omnibus
644 513 809 592 invigilat,
825 532 886 595 pro
940 533 1019 582 arca
1043 521 1093 582 θεῖ
1115 515 1267 596 interius,
1291 523 1325 588 θῖ
1353 523 1459 589 altare
1483 527 1524 590 ad
1548 543 1737 597 mensuram

80 619 177 694 cujus
192 617 311 695 utique
324 615 389 678 fide
403 617 440 678 ut
458 616 637 694 aliquando
652 630 718 677 non
741 613 883 689 deficiat,
940 617 1167 695 longitudinis,
1188 620 1373 684 latitudinis
1396 625 1430 687 et
1452 625 1637 690 altitudinis
1650 646 1738 694 arcae

80 715 137 778 sed
167 713 293 778 fratres
322 731 400 776 suos
428 715 610 788 confirmet,
638 713 709 792 ipse
734 713 887 776 Salvator
940 715 1107 778 conditum
1123 719 1173 781 est
1182 721 1347 798 superius
1358 723 1446 784 inter
1459 727 1740 802 quatuorcolum-

80 815 214 876 exorat
225 815 269 876 lrs
278 815 376 892 atque
384 812 466 876 alns
467 813 733 876 nominibuslraec
740 814 818 876 aula
827 814 886 876 Der
941 830 1001 876 nas
1014 813 1054 876 de
1066 815 1171 879 rubeo
1182 819 1363 897 porphyrio
1374 821 1436 882 sub
1443 823 1585 900 quodam
1597 827 1740 904 pulchro

81 912 276 975 nobiliter·
266 929 302 974 tn
326 913 448 1010 divinis
477 913 610 992 paginis
642 911 829 987 decoratur,
853 913 886 976 θῖ
941 911 1078 978 ciborio.
1092 917 1129 976 In
1142 932 1207 993 quo
1224 917 1366 995 quidem,
1380 921 1583 994 utafferunt,
1598 926 1737 988 multum

81 1009 281 1074 honoratur.
567 1042 568 1045 ι
941 1013 991 1074 θεῖ
1009 1014 1248 1086 εθιιθῖιιθιὶιιιιι,
1269 1017 1325 1078 sed
1346 1018 1444 1095 quale
1463 1019 1507 1083 sit
1525 1038 1592 1084 non
1612 1039 1739 1100 agnos·
1796 1030 1800 1038 '

465 1181 472 1196 ι
941 1111 1030 1182 cunt,
1044 1129 1122 1174 nam
1135 1129 1255 1176 nomen
1268 1131 1339 1192 eJus
1352 1118 1515 1182 nesciunt.

82 1183 121 1244 11.
134 1184 234 1250 Quod
243 1186 362 1247 onerata
373 1197 451 1258 nuce
459 1199 496 1245 m
506 1183 630 1260 tempto
640 1183 718 1258 pest
730 1183 887 1246 αθεῖιθιθ-

287 1283 416 1344 ttonem
432 1283 575 1358 reperta
592 1281 685 1354 stent,

167 1383 308 1444 Ηθῖθιῖα
321 1382 437 1443 maten
446 1381 603 1457 portavit
614 1383 659 1443 ad
669 1381 790 1455 mlum.

981 1221 1019 1280 In
1031 1219 1130 1282 altari
1148 1237 1240 1292 vero,
1256 1223 1342 1301 quod
1361 1225 1513 1304 superius
1528 1217 1578 1289 θεῖ
1590 1227 1736 1305 ligneum

940 1317 982 1378 de
993 1319 1130 1394 argento
1143 1321 1345 1398 coopertum,
1354 1323 1452 1402 atquo
1462 1325 1522 1386 sub
1535 1325 1736 1398 eointerius,

941 1418 992 1478 θεῖ
1009 1417 1075 1478 tale
1094 1420 1321 1481 sanctuarium
1343 1441 1351 1480 :
1373 1425 1499 1500 septem
1517 1423 1735 1504 candelabra,

120 1523 219 1584 lianc
259 1523 373 1601 itaque
407 1523 654 1586 sacrosanctam
694 1521 884 1596 basilicam,
941 1531 1014 1593 quae
1037 1515 1172 1578 fuerunt
1196 1517 1232 1578 in
1260 1519 1365 1597 priori
1393 1519 1619 1586 tabernaculo.
1641 1525 1736 1587 Unde

83 1622 173 1684 omni
197 1621 323 1684 mundo
346 1621 577 1694 reverendam,
602 1619 795 1682 beatissima
818 1624 887 1683 lle-
941 1613 1065 1676 Paulus
1077 1614 1157 1677 dicit
1174 1617 1342 1694 apostolus
1356 1635 1364 1675 ι
1379 1615 1649 1684 Tabernoculum
1662 1626 1738 1698 sac-

83 1719 157 1782 lena
173 1719 385 1782 Constantini
398 1719 504 1782 mater
514 1719 587 1799 post
596 1720 786 1798 perceptum
797 1718 885 1782 sacri
940 1711 1014 1772 tum
1026 1713 1079 1774 est
1085 1717 1253 1788 primulii,
1270 1717 1307 1776 ili
1323 1731 1389 1792 qtto
1402 1718 1506 1779 erant
1518 1721 1734 1795 candelabra,

84 1817 294 1896 baptismatis
327 1819 581 1891 sacramentum,
613 1817 885 1896 incomparabilis
940 1811 975 1872 et
986 1825 1116 1884 menia,
1133 1813 1739 1891 &titrODOSitloDattttm‚duoedicitttr

85 1917 269 1978 sanctuarii
293 1915 449 1978 thesauro
476 1915 604 1990 ditavit,
619 1915 705 1994 quod
730 1916 886 1979 videlicet
939 1910 1071 1983 salicta,
1099 1910 1134 1971 et
1156 1925 1304 1972 attrettm
1335 1912 1554 1987 turribulum,
1581 1915 1616 1976 et
1643 1931 1737 1978 terna
1814 1950 1816 1957 ι

85 2015 125 2076 de
143 2014 459 2094 HierosolJ·mitanis
480 2013 629 2092 partibus
646 2015 765 2092 rogatu
779 2014 885 2093 ipsius
939 2021 1050 2070 carrea
1063 2011 1189 2070 itabens
1201 2023 1342 2082 ιιιαιιθα,
1367 2013 1456 2085 duod
1476 2014 1594 2074 imbuit
1613 2027 1738 2075 secute-

86 2114 226 2190 Augusti
240 2113 304 2176 tilii
318 2113 567 2193 transportavit,
581 2112 668 2192 quod
683 2112 724 2174 ab
738 2113 884 2191 antiquis
939 2107 1022 2167 dum
1046 2107 1321 2180 tabernaculam,
1347 2111 1435 2182 ptaod
1455 2110 1583 2171 dicitur
1597 2110 1736 2173 'Sancta

86 2212 159 2273 ante
174 2213 442 2274 incarnationem
457 2211 589 2274 Domini
603 2211 712 2274 luerat
731 2212 886 2274 recondi·
939 2204 1150 2266 saltatorum.
1165 2204 1204 2266 Et
1224 2203 1271 2267 ibi
1293 2205 1389 2282 virga
1408 2207 1530 2278 Aaron,
1550 2223 1623 2285 (111ae
1636 2208 1734 2270 fron·

85 2311 162 2382 tum,
179 2311 213 2373 et
237 2311 314 2388 post
337 2309 604 2382 destructionem,
623 2326 695 2388 quae
716 2326 737 2372 a
760 2309 833 2373 Tito
853 2309 885 2373 et
939 2301 1067 2364 (luerat.
1081 2302 1607 2382 Ettabulaetestamenti,etvirga
1615 2307 1735 2385 Moysi,

86 2407 291 2485 Vespasiano
316 2405 475 2470 Romanis
496 2407 702 2485 principibus
725 2405 811 2470 sacta
835 2407 886 2469 le-
940 2416 1004 2478 qua
1017 2401 1181 2479 percussit
1191 2400 1242 2462 bis
1255 2401 1395 2473 silicem,
1409 2403 1442 2464 et
1453 2403 1736 2483 fluxeruntaquae.

87 2506 182 2582 gitur,
205 2503 291 2568 inibi
316 2504 500 2568 habebatur
522 2505 702 2568 residuum.
735 2505 884 2576 Totidem
940 2498 1021 2560 Item
1034 2500 1111 2562 sunt
1122 2499 1169 2561 ibi
1180 2499 1333 2578 reliquiae
1353 2501 1393 2562 de
1406 2501 1579 2564 cunabulis
1591 2503 1735 2564 Domini.

88 2606 169 2666 Deus
184 2605 395 2682 omnipotens
416 2603 547 2666 viscera
561 2603 800 2666 misericordiae
816 2621 884 2666 suae
939 2599 985 2659 De
1009 2598 1154 2677 quinque
1185 2597 1325 2676 panibus
1352 2599 1528 2669 ordeaciis,
1553 2601 1586 2662 et
1609 2599 1737 2662 duobus

89 2703 242 2766 Romanae
263 2702 342 2765 huic
361 2702 511 2765 ecclesiae
526 2703 661 2780 dignata
676 2702 727 2765 est
740 2703 882 2780 aperire,
939 2695 1096 2773 piscibus.
1112 2697 1192 2758 Item
1206 2713 1320 2759 mensa
1333 2697 1477 2760 Domini.
1487 2697 1639 2783 Linteum
1648 2699 1737 2760 unde

90 2819 184 2878 quum
200 2801 378 2881 jamdicta
401 2801 518 2880 regina
542 2801 779 2875 sanctuarium,
798 2801 884 2879 quod
939 2793 1078 2855 extersit
1089 2794 1189 2871 pedes
1201 2793 1439 2873 discipulorum
1448 2811 1594 2862 suorum.
1609 2795 1736 2860 Tunica

89 2901 144 2962 Dei
157 2902 241 2963 nutu
256 2901 297 2962 de
312 2900 446 2964 civitate
467 2901 585 2972 saneta
606 2899 815 2962 Hierusalem
836 2916 885 2962 ss·
939 2891 1160 2962 inconsutilis,
1168 2908 1266 2971 quam
1280 2891 1459 2971 tecitvirgo
1470 2893 1665 2956 MariaFilio
1674 2909 1735 2956 suo

90 3015 159 3062 cum
186 2999 338 3063 attulerit
359 2999 401 3061 ad
428 2999 548 3074 tilium,
578 2999 615 3061 in
642 2998 742 3078 hujus
771 3014 886 3062 sacro-
939 2989 1078 3054 Domino
1098 2991 1210 3053 nostro
1229 2993 1309 3054 lesu
1330 2991 1473 3061 Christo,
1487 3008 1560 3071 quae
1577 2993 1613 3054 in
1629 2988 1737 3055 rn'orte

90 3098 207 3162 sanctae
235 3097 401 3173 basilicae,
432 3115 505 3177 quae
533 3097 749 3160 sacerdotalis
777 3097 827 3158 est
853 3096 886 3160 et
939 3087 1045 3167 ipsius
1064 3105 1084 3152 a
1104 3087 1264 3152 militibus
1284 3090 1401 3153 sortita
1429 3091 1489 3160 est,
1511 3106 1578 3153 non
1599 3091 1735 3152 scissa:

91 3197 193 3273 regia,
224 3196 396 3260 transtulit
420 3196 656 3258 babitaculum.
686 3195 778 3268 Quod
807 3195 884 3273 quia
940 3203 1038 3265 quam
1051 3187 1129 3248 dum
1142 3188 1296 3251 Salvator
1312 3188 1395 3250 inibi
1415 3187 1648 3262 reservaverit,
1664 3188 1738 3250 bae-

90 3294 230 3357 nondum
243 3295 378 3374 proprio
391 3294 584 3371 designatur
594 3310 637 3356 ex
649 3293 794 3364 nomine,
808 3293 886 3356 licet
939 3287 1024 3348 rasis
1047 3285 1099 3347 vel
1119 3285 1266 3348 scissura
1289 3285 1366 3348 fidei
1389 3286 1447 3350 diu
1465 3303 1533 3350 non
1551 3287 1615 3349 erit
1636 3287 1672 3349 in
1684 3303 1735 3349 ea.

91 3391 243 3471 indignus
263 3394 325 3454 sim
338 3408 458 3455 nomen
470 3395 543 3472 eJus
556 3393 759 3471 depromere,
773 3392 885 3454 tamen
940 3385 1384 3462 Purpureumvestimentum
1395 3385 1543 3463 eJusdem
1555 3384 1737 3448 salvatoris

90 3489 123 3552 in
139 3491 267 3556 bonore
286 3508 355 3554 suae
368 3491 476 3553 laudis
488 3495 555 3553 non
568 3490 722 3552 differam
742 3505 817 3552 cum
829 3506 886 3551 re-
940 3483 973 3546 et
986 3482 1227 3560 Redemptoris.
1240 3483 1287 3544 De
1300 3483 1462 3559 sanguine
1477 3484 1510 3544 et
1519 3499 1605 3560 aqua
1620 3482 1736 3544 lateris

90 3591 235 3654 'verentia
248 3591 432 3654 nominare.
939 3581 1070 3643 Domini
1093 3580 1248 3659 ampullae
1273 3581 1357 3642 duae.
1384 3580 1599 3643 Circumcisio
1622 3579 1738 3642 Domi-

127 3689 207 3753 ltem
220 3687 882 3761 annoDominicaeincarnationisuccnx,
940 3678 986 3741 ni·
1013 3678 1190 3740 sudarium
1212 3679 1297 3758 quod
1321 3677 1384 3741 luit
1407 3695 1507 3757 super
1530 3678 1630 3756 caput
1650 3680 1734 3757 ejus,

91 3786 274 3850 Menander
286 3790 377 3866 Papa
390 3787 527 3868 quartus
547 3786 582 3848 in
600 3787 655 3848 die
667 3783 885 3849 dedicationis
940 3777 1026 3857 quod
1041 3780 1092 3842 est
1110 3794 1213 3840 unum
1237 3777 1277 3839 de
1303 3777 1449 3856 quinque
1472 3775 1735 3850 linteaminibus,

91 3883 184 3964 buJus
215 3885 367 3950 ecclesiae
406 3887 627 3948 sacrosanctae
658 3883 886 3948 corroboravit
941 3877 1059 3956 quibus
1081 3877 1327 3940 sanctissimum
1352 3893 1472 3954 corpus
1493 3876 1642 3955 ejusdem
1665 3878 1737 3938 Do·-

92 3985 120 4044 et
141 3985 352 4047 continuavit
379 4000 493 4048 omnes
526 3999 740 4063 quascunque
768 3981 883 4044 indul-
940 3976 1022 4038 mini
1048 3976 1154 4038 nostri
1169 3975 1232 4039 tuit
1250 3975 1447 4038 involutum.
1464 3975 1521 4037 Est
1545 3974 1593 4036 ibi
1608 3975 1737 4038 deloco

92 4084 226 4158 mutus,
250 4079 545 4163 aquibuscunque
573 4081 711 4144 summis
740 4081 883 4145 Pontill-
939 4073 1153 4136 ascensionis
1168 4073 1343 4136 christiin
1357 4052 1489 4136 coelum.
1513 4075 1560 4136 De
1576 4073 1739 4150 sanguine

93 4180 190 4253 cibus,
217 4197 418 4260 quocunque
438 4183 587 4259 tempore
613 4195 812 4243 concessas·
827 4178 884 4241 sed
940 4173 1048 4235 sancti
1067 4171 1207 4234 loannis
1229 4171 1398 4249 Baptistae.
1415 4174 1461 4233 De
1476 4170 1613 4262 pulvere
1631 4171 1665 4232 et
1684 4170 1737 4232 ci-

93 4279 212 4342 stillas
231 4277 571 4359 principalissima
590 4278 707 4341 beatus
727 4277 886 4341 Silvester
940 4285 1021 4332 nere
1035 4268 1197 4331 combusti
1210 4269 1360 4346 corporis
1374 4266 1524 4345 ejusdem
1537 4269 1736 4328 Praecurso-

94 4376 215 4442 abunde
236 4377 354 4443 statuit
370 4378 405 4441 et
422 4377 569 4448 donavit,
589 4377 769 4441 inclinatus
784 4376 885 4456 J'ustis
940 4367 988 4429 ris
1002 4366 1136 4432 Christi
1153 4365 1306 4428 Cilicium
1328 4365 1459 4444 eiusde
1485 4363 1563 4442 pilis
1587 4363 1736 4426 camelo-

92 4477 239 4552 precibus
263 4476 400 4540 bumilis
426 4477 460 4540 et
485 4475 755 4539 christianissimi
782 4475 888 4536 Cons-
940 4483 1026 4528 rum.
1049 4467 1096 4528 De
1123 4481 1245 4528 manna
1269 4463 1448 4542 sepulturae
1472 4462 1579 4526 sancti
1597 4461 1738 4526 loannis

94 4575 216 4645 tantim,
231 4576 265 4638 θῖ
276 4575 317 4638 de
329 4574 468 4654 speciali
488 4573 717 4638 misericordia
731 4573 764 4635 θῖ
777 4571 886 4650 gratia
941 4563 1161 4643 Evangelistae
1172 4563 1318 4640 ampulla
1328 4562 1437 4641 plena.
1451 4561 1577 4623 'runica
1590 4561 1738 4639 ejusdem

96 4673 278 4751 prorogavit
302 4689 359 4736 eas
393 4689 498 4751 usque
529 4672 569 4734 ad
597 4671 684 4735 diem
704 4671 887 4734 dedicatio-
939 4663 1090 4742 Apostoli
1103 4663 1136 4724 et
1149 4659 1381 4736 Evangelistae,
1398 4675 1463 4738 qua
1476 4659 1646 4738 supposita
1664 4674 1741 4721 cor-

95 4769 140 4831 nis
151 4772 384 4850 Apostolorum
397 4770 488 4835 Petri
500 4771 533 4833 et
545 4768 654 4832 Pauli.
941 4760 1076 4839 poribus
1089 4759 1190 4822 trium
1201 4760 1373 4836 juvenum,
1395 4758 1625 4830 surrexerunt,
1642 4773 1737 4820 mor-

940 4859 989 4922 tui
1004 4859 1094 4920 enim
1108 4857 1241 4920 fuerant
1252 4858 1388 4936 propter
1401 4872 1567 4920 venenum
1579 4855 1666 4935 quod
1680 4855 1737 4918 bi-

96 4967 145 5028 111.
163 4972 214 5032 De
238 4983 325 5032 aroc
351 4969 386 5031 ct
412 4968 552 5032 Satzottv
576 4965 790 5042 sanctorum,
810 4981 887 5044 quw
940 4956 1070 5020 belant·

235 5068 318 5130 sunt
329 5069 366 5128 tn
379 5069 518 5130 tostico
529 5066 732 5130 salvatoris.

942 5147 996 5208 lv.
1018 5145 1120 5209 liutto
1133 5146 1227 5206 θῖνθα
1241 5157 1311 5216 eos,
1335 5144 1394 5220 qui
1408 5140 1584 5218 opponunt
1597 5143 1638 5202 dc
1660 5141 1744 5202 aba·
1790 5183 1792 5188 ,

130 5209 241 5272 lnbac
251 5210 364 5289 itaque
372 5208 585 5273 sacrosancta
598 5206 814 5271 Lataranensr
826 5206 888 5268 ba
980 5246 1141 5307 come
1155 5243 1376 5314 tabernaculi
1392 5240 1542 5312 aaron,
1545 5239 1605 5302 vel
1618 5239 1742 5302 anam

96 5305 181 5370 silica
212 5305 379 5372 salvatori
408 5310 489 5371 lesu
507 5307 638 5369 cbristo
666 5307 742 5384 Deo
764 5305 885 5376 dicata,
981 5345 1068 5404 moe,
1070 5343 1123 5404 m·

96 5420 161 5480 qua
176 5407 276 5486 caput
288 5407 338 5469 est
350 5405 476 5478 mundi,
491 5422 565 5485 quae
584 5403 818 5485 patriarchalis
837 5403 888 5465 est

96 5503 124 5564 et
133 5503 326 5583 rmpenahs
340 5505 436 5569 sedes
449 5504 500 5567 est
511 5503 702 5582 apostolica
719 5499 886 5566 cathedrae
981 5498 1104 5558 Verum
1122 5490 1374 5572 quamplurimi
1400 5505 1572 5554 sacrorum
1596 5488 1741 5552 volumi·

97 5602 297 5676 pontiticalis,
309 5603 362 5668 θῖ
353 5619 389 5665 ιιι
399 5602 548 5682 eJusdem
561 5600 712 5664 ecclesiae
721 5615 782 5663 ara
792 5615 888 5679 pnn-
942 5610 1021 5656 num
1035 5595 1069 5657 θῖ
1079 5591 1296 5655 historiarum
1314 5587 1477 5668 profunda
1499 5587 1659 5667 mysteria
1677 5583 1743 5646 mi-

97 5697 185 5776 cipali
197 5703 248 5768 θεῖ
259 5717 339 5766 arca
350 5701 485 5766 foderis
498 5699 641 5772 Domini,
651 5698 717 5771 vel,
731 5699 768 5762 ut
779 5697 885 5770 aiunt,
942 5709 1004 5756 nus
1017 5689 1196 5771 prudenter
1207 5686 1457 5766 investigantes,
1472 5703 1533 5750 nec
1551 5682 1743 5760 intelligen-
