3988 6302
77 401 140 462 205
575 405 731 475 QUINTA
752 406 1016 472 COMPILATIO.
1048 413 1172 475 LIBER
1194 417 1233 475 11.

1670 427 1729 488 edo

78 575 175 624 sores
203 558 423 638 amicabiliter
449 561 639 636 intervenit,
674 567 706 627 te
733 566 878 631 indebite
934 572 1108 648 praelatum
1120 575 1417 654 archiepiscopum,
1434 581 1466 642 et
1481 583 1512 642 te
1525 583 1726 657 audiremus,

79 659 256 736 inquietat.
275 657 367 720 Unde
379 657 574 735 praedictum
588 661 767 726 terminum
788 681 879 742 pras-
934 671 987 732 vel
1003 673 1197 748 perpetuum
1217 674 1385 737 silentium
1407 677 1652 756 imponeremus
1674 685 1727 744 el-

80 757 139 832 ligi
164 756 414 834 archiepiscopo
438 757 569 834 petebat
585 779 593 821 r
612 759 692 822 licet
713 777 753 823 eo
773 763 879 828 advo·
935 767 1020 829 dem.
1035 769 1292 852 archiepiscopo
1307 775 1536 851 respondente,
1551 780 1637 856 quod
1652 780 1729 843 licet

79 855 180 917 eante
195 856 251 932 Jus
274 853 453 917 revocandi
474 855 606 918 domtrm
629 857 757 922 nullum
781 876 881 938 super
934 866 1076 929 inducias
1087 865 1129 929 ad
1139 868 1388 933 deliberandum
1399 889 1473 935 cum
1481 879 1644 940 conuentu
1655 895 1726 953 suo,

80 951 266 1030 praemissis
296 953 607 1016 reconventionibus
635 957 814 1020 terminum
848 959 880 1022 ai
935 964 1044 1026 utrum
1059 963 1193 1028 deberet
1207 981 1316 1042 agere,
1333 970 1385 1031 vel
1408 987 1485 1045 non,
1502 973 1565 1034 sibi
1589 974 1729 1038 luissent

79 1051 217 1115 duxerit
230 1049 477 1128 praeligendum.
493 1051 608 1130 Nuper
620 1053 731 1118 autem
747 1057 787 1118 R.
807 1072 881 1120 mo-
933 1061 1071 1124 indulta
1094 1083 1102 1124 z
1125 1063 1204 1141 quia
1223 1065 1334 1128 umen
1360 1066 1401 1128 ad
1424 1071 1559 1147 propria
1583 1073 1728 1134 nondum

79 1149 222 1222 machus,
243 1148 278 1210 et
299 1147 458 1226 magister
471 1151 575 1223 Euat,
592 1151 825 1229 procuratores
844 1155 878 1218 in
933 1160 1271 1234 remeatremeat
1289 1164 1429 1227 ecclesia
1447 1183 1519 1240 sua,
1537 1170 1569 1231 et
1590 1187 1728 1246 regnum

79 1251 196 1309 nostra
207 1247 880 1327 praesentiaconstituti,petieruntinstan·
933 1257 1021 1322 esset
1039 1257 1217 1332 turbatum,
1235 1275 1310 1322 cum
1333 1279 1394 1326 suo
1415 1266 1579 1328 conventu
1599 1267 1727 1330 delibe-

78 1347 142 1418 ter,
161 1344 197 1406 ut
211 1344 391 1420 innegotio
405 1345 620 1422 procedentes
641 1362 777 1410 causam
791 1349 880 1414 inter
932 1369 1010 1418 rare
1033 1371 1099 1418 non
1123 1357 1180 1434 pot
1205 1357 1243 1419 t:
1268 1375 1372 1436 quare
1396 1361 1528 1437 petebat
1553 1364 1727 1427 ulteriores

75 1565 363 1637 specialiacontinet,
374 1581 438 1639 quae
451 1565 498 1624 hio
509 1579 566 1623 ηοη
578 1565 728 1637 habentur,
741 1571 770 1623 et
784 1565 878 1623 lucem
933 1569 1059 1641 partibus
1071 1574 1224 1632 terminum
1240 1582 1461 1648 competentem,
1477 1593 1533 1651 quo
1548 1595 1579 1636 se
1594 1595 1729 1652 conspee

75 1653 165 1712 aliert
179 1653 223 1711 bis
237 1669 302 1728 quae
317 1654 437 1713 obscura
457 1661 488 1713 et
503 1661 676 1729 praepostere
698 1655 795 1729 posita·
811 1661 879 1713 sunt
933 1658 973 1714 tui
996 1659 1160 1730 Apostolioo
1182 1673 1396 1736 presentemur,
1425 1667 1531 1738 J'ustam
1555 1671 1727 1726 sententiam

76 1745 108 1802 in
120 1743 177 1801 bac
191 1759 255 1817 cap.
932 1750 1083 1820 recepturi.
1096 1751 1192 1824 Nuper
1205 1760 1299 1810 autern
1316 1757 1348 1812 ll.
1366 1755 1533 1822 menachus,
1551 1765 1579 1813 et
1589 1758 1728 1829 magister

110 1841 215 1898 Abbati
233 1843 263 1900 S.
281 1842 437 1918 demutat
458 1842 669 1902 deuerteret.
694 1842 788 1912 Quum
809 1841 878 1900 olim
932 1837 1107 1910 Eustrasius,
1123 1849 1322 1912 procuratores
1336 1845 1376 1900 tui
1403 1845 1433 1900 in
1454 1851 1548 1902 nostru
1577 1848 1726 1917 presentia

75 1931 154 1988 turer
174 1939 213 2000 te,
231 1936 298 2000 ete„
319 1945 410 2004 usque
436 1929 473 1990 ad
495 1930 560 1990 haeo
577 1930 664 1989 verba
680 1948 687 1990 :
705 1931 741 1988 al)
762 1931 874 2004 impeti·
932 1925 1086 1996 constituti,
1095 1928 1236 1999 petierunt
1249 1931 1386 1988 instanter
1398 1939 1429 1989 ut
1441 1932 1519 2005 juxta
1530 1935 1726 2007 praescriptam

76 2022 157 2078 tione
178 2027 205 2077 te
226 2018 388 2078 absolueret
415 2020 515 2094 ipsius.
532 2021 625 2090 Quum
638 2027 733 2078 autern
749 2019 878 2093 partibus
932 2011 1053 2071 sormam
1064 2015 1095 2072 in
1111 2019 1230 2090 negotio
1253 2020 1450 2091 procedentes,
1471 2036 1599 2104 eausam,
1616 2024 1639 2080 Si
1652 2038 1724 2094 llrae·

75 2107 261 2180 postmodum
274 2109 303 2166 in
318 2107 408 2182 ipsius
422 2108 642 2182 predecessoris
654 2109 744 2168 nostri
754 2123 876 2182 praeseo·
931 2099 1263 2180 dictusarohiepiscopus
1272 2108 1500 2166 contendendum
1510 2110 1636 2180 duceret,
1648 2111 1725 2169 audi-

76 2199 115 2254 tia
145 2199 317 2266 constitutis,
340 2205 371 2256 tu
389 2197 529 2256 instanter
543 2204 665 2271 peteres,
686 2205 717 2257 ut
736 2197 766 2254 in
789 2212 876 2256 causa
931 2205 1038 2262 remus,
1052 2193 1097 2250 vel
1113 2202 1281 2267 perpetuum
1302 2197 1445 2254 silentium
1465 2212 1550 2271 super
1566 2197 1620 2255 boe
1633 2201 1725 2271 impo-

73 2300 137 2343 sec.
153 2285 276 2344 sormam
298 2285 467 2358 procederet
491 2291 691 2359 prenotatam,
719 2284 786 2344 licet
807 2300 876 2358 prae·
931 2293 1066 2338 beremus
1084 2281 1188 2352 eidem,
1210 2299 1247 2342 ne
1263 2291 1289 2341 te
1305 2293 1467 2358 pateremur
1486 2287 1622 2360 captiosis
1641 2287 1724 2346 dillu-

73 2374 171 2431 dictus
195 2373 425 2448 archiepiscopus
452 2390 469 2432 e
501 2377 645 2432 contrario
679 2374 875 2448 responderet,
931 2367 987 2441 giis
1000 2368 1123 2443 fatigari.
1138 2371 1378 2447 archiepiscopus
1392 2389 1460 2431 vero
1476 2375 1630 2449 respondit,
1648 2377 1727 2449 quod

74 2462 154 2536 quod
168 2471 267 2520 contra
282 2470 310 2521 te
326 2477 412 2536 agere
427 2470 493 2521 ωηο
514 2478 572 2521 ηοη
594 2470 701 2537 posset,
725 2465 790 2536 quia
815 2469 877 2521 erat
930 2455 997 2514 licet
1011 2456 1131 2516 induciae
1147 2461 1182 2518 ad
1195 2460 1409 2520 deliberandum
1419 2479 1483 2521 eum
1505 2471 1647 2522 conventu
1662 2481 1725 2535 suo,

74 2553 141 2610 aliis
158 2553 284 2626 negotiis
303 2551 475 2626 praepeditus
496 2560 574 2622 ωηο,
597 2553 663 2626 quia
679 2558 797 2610 venerat
818 2553 874 2610 mi·

73 2657 131 2698 nus
143 2641 299 2698 instructus
313 2647 489 2713 temporum3
504 2647 602 2698 tamen
617 2642 719 2698 nolens
736 2641 815 2698 litem
829 2641 873 2698 ul·

72 2729 166 2788 terius
188 2729 329 2802 protelare
348 2727 442 2786 eidem
463 2727 573 2799 indixit,
597 2729 673 2802 quod
694 2737 742 2788 aut
763 2735 874 2802 ageret,

71 2833 164 2892 quum
183 2819 244 2892 ipse
265 2833 379 2891 semper
393 2833 479 2892 super
493 2817 549 2876 boc
562 2817 597 2876 ad
612 2817 716 2876 sedem
729 2818 873 2892 Apostoli·

71 2923 140 2966 cam
156 2907 339 2981 appellasset,
361 2914 410 2965 aut
421 2908 572 2965 memorati
593 2906 815 2981 praedecessoris
830 2907 875 2964 sui

72 2997 250 3054 sententiam
271 2995 463 3065 confirmaret,
481 3002 650 3069 perpetuum
667 2995 812 3053 silentium
827 3009 872 3052 ar·

71 3085 263 3158 obiepiscopo
286 3083 460 3157 imponendo
476 3099 483 3142 ε
500 3091 568 3142 ωηο
589 3084 665 3142 idem
681 3082 872 3156 arcbiepisoo·

72 3189 130 3247 pus
151 3174 308 3246 proposuit,
330 3171 407 3246 quod
424 3171 512 3230 abbas
525 3172 559 3229 de
577 3171 641 3246 jure
658 3173 805 3230 communi
820 3171 874 3230 sibi

72 3261 284 3336 professionem
301 3259 394 3318 lacera
411 3261 571 3332 tenebatur,
585 3277 672 3334 quem
690 3259 744 3319 sibi
760 3259 874 3335 patebat

71 3351 223 3408 humiliter
237 3349 384 3420 exbiberi3
407 3355 437 3406 ω
452 3363 520 3406 raro
535 3349 707 3424 respondisti
726 3365 743 3407 e
763 3357 872 3419 contra,

71 3439 152 3513 quod
176 3439 230 3496 etsi
252 3437 288 3496 ad
309 3437 338 3495 id
359 3438 498 3496 tenereris
517 3435 552 3495 de
573 3437 637 3511 jure
659 3439 814 3508 communi,
838 3437 874 3496 de

67 3529 137 3603 jure
153 3535 250 3586 tamen
264 3527 383 3601 speciali
389 3541 453 3584 eras
467 3533 631 3600 exemptus,
645 3525 800 3584 ostendens
815 3532 874 3584 um

70 3617 227 3692 privilegia
240 3615 417 3675 sunmtionis
440 3615 582 3685 ecclesiae,
598 3630 684 3688 mam
701 3615 873 3674 sententiam

70 3705 227 3764 memorati
250 3703 404 3762 Alexandri
424 3718 475 3777 pro
503 3704 679 3761 monasterio
706 3703 871 3777 promulga-

71 3804 155 3866 tam;
186 3800 215 3852 et
235 3793 427 3852 reconvenisti
453 3792 587 3850 eumdem
613 3791 871 3866 archiepiscopum,

70 3899 222 3958 supereo,
238 3881 314 3956 quod
327 3889 426 3940 contra
440 3889 570 3938 tenorem
592 3881 807 3954 privilegiorum
832 3880 873 3940 tui

71 3973 243 4032 monasterii
258 3970 391 4028 homines
405 3970 573 4039 servientes,
586 3975 616 4026 et
626 3970 746 4026 elericos
762 3976 825 4028 tuos
837 3969 873 4026 de

72 4061 162 4132 lacto,
176 4075 263 4134 quum
278 4057 314 4116 de
325 4060 389 4133 jure
405 4072 462 4115 non
477 4064 584 4130 posset,
598 4058 872 4115 excommunicatio-

71 4153 119 4210 nis
139 4150 255 4208 vinculo
274 4147 439 4216 innodabat,
462 4155 491 4204 et
510 4147 648 4204 ecelesias
670 4145 706 4203 ad
726 4152 870 4204 monaste·

71 4243 150 4299 rium
170 4244 344 4312 pertinentes
360 4233 541 4309 supponebat
564 4234 761 4292 ecclesiastico
782 4234 870 4291 inter-

70 4329 327 4399 <linteorumque
346 4339 432 4398 super
451 4323 497 4381 bis
515 4323 615 4381 luisse
634 4321 799 4396 aliquandiu
813 4320 871 4379 dis·

71 4425 216 4492 putatum,
237 4413 371 4490 praetatus
390 4411 628 4486 'archiepiscopus
648 4412 735 4469 alium
749 4409 804 4468 sibi
820 4423 871 4484 pe·

71 4509 117 4568 tiit
153 4505 306 4564 terminum
333 4501 485 4577 indulgeri,
510 4502 584 4560 intra
611 4515 697 4574 quem
727 4513 793 4556 cum
818 4513 871 4556 suo

72 4604 174 4670 posset
194 4593 352 4652 deliberare
377 4595 530 4650 coaventu.
554 4591 647 4659 Quare
669 4587 746 4646 idem
768 4587 873 4660 praede

71 4699 174 4744 sessor
188 4689 284 4740 noster
298 4681 451 4738 terminum
465 4693 556 4751 usque
571 4676 608 4735 ad
626 4676 730 4735 testum
744 4677 872 4734 omnium

73 4775 256 4842 Sanctorum,
273 4778 342 4828 ωηο
362 4769 491 4842 proxime
503 4773 665 4836 venturum,
689 4764 744 4822 sibi
758 4779 873 4823 conces

73 4864 123 4933 sit,
147 4862 186 4922 ita
204 4859 279 4934 quod
299 4859 355 4916 nisi
377 4855 547 4915 deliberaret
563 4855 666 4913 cedere
678 4853 772 4927 potius
786 4867 871 4926 quam

71 4949 249 5012 supendere
266 4949 297 5006 in
315 4947 371 5006 hac
391 4959 490 5016 ceusu,
504 4959 539 5002 ex
555 4951 623 5002 tuno
638 4957 781 5016 expensas
803 4941 873 5015 legi·
891 4945 893 4950 ’

73 5043 172 5110 rimas,
187 5053 259 5112 quas
269 5037 305 5094 de
317 5042 412 5093 cetero
425 5034 548 5104 laceres,
563 5032 615 5090 tibi
634 5029 785 5090 retundere
797 5038 873 5089 tene·

73 5140 165 5202 ratur,
204 5132 230 5189 si
262 5129 442 5202 contingeret
472 5127 566 5200 ipsum
603 5125 777 5182 contrariam
804 5135 870 5182 sen-

75 5223 197 5282 tentiam
231 5225 396 5293 reportare;
428 5215 556 5274 scribens
577 5229 663 5287 super
687 5213 743 5272 boc
770 5211 872 5270 dilecto

74 5311 136 5370 illio
153 5309 189 5368 N.
206 5309 239 5368 G.
263 5306 335 5364 tituli
356 5307 384 5364 S.
403 5303 519 5366 Martini
538 5301 709 5380 presbytero·
724 5299 871 5370 cardinali,

73 5397 248 5472 apostolice
278 5393 361 5454 Sedis
384 5394 505 5466 legato,
527 5397 559 5449 ut
579 5391 604 5448 si
628 5404 725 5450 corana
750 5403 786 5447 eo
808 5403 872 5462 par·

75 5497 121 5547 tes
158 5486 295 5547 ducerent
330 5480 510 5555 litigandum,
555 5479 624 5553 ipse·
661 5477 873 5538 cantuariensis

74 5579 241 5638 Convemus
255 5587 311 5630 una
325 5585 389 5628 cum
411 5568 626 5642 archiepiscopo
641 5581 718 5640 saepe
735 5566 810 5624 dioto
830 5565 871 5622 cl-

75 5667 127 5724 tati
146 5677 264 5722 caumm
279 5659 399 5729 audiret,
420 5665 449 5715 et
463 5673 528 5715 earn
550 5655 587 5714 ad
606 5655 709 5714 sedem
727 5653 870 5728 Apostoli·

76 5769 142 5814 cam
158 5752 313 5811 remitteret
327 5747 502 5808 sufficienter
523 5746 699 5816 instructam,
719 5741 873 5817 praefigens

930 2551 1024 2604 utrum
1035 2547 1151 2606 deberet
1162 2564 1259 2622 agere,
1272 2552 1316 2608 vel
1328 2567 1384 2609 non
1395 2552 1450 2610 sibi
1461 2551 1582 2610 luissent
1592 2553 1709 2611 indultae
1716 2571 1725 2625 ;

930 2636 996 2708 quia
1009 2643 1106 2694 tamen
1116 2638 1243 2695 nondum
1256 2639 1292 2696 ad
1306 2642 1419 2713 propria
1436 2657 1568 2699 reversus
1583 2642 1683 2712 iuerat,
1698 2651 1726 2700 et

931 2723 1001 2781 alias
1020 2738 1077 2782 non
1099 2725 1192 2783 solurn
1212 2728 1334 2786 ecclesia
1349 2744 1412 2797 sua,
1430 2729 1480 2787 sed
1494 2737 1583 2788 toturn
1603 2746 1725 2804 regnum

929 2819 991 2870 arat
1004 2813 1157 2885 turbatum,
1175 2831 1241 2874 cum
1258 2829 1311 2874 suo
1333 2825 1477 2876 conventu
1497 2817 1655 2876 deliberare
1667 2833 1725 2876 non

930 2907 1075 2974 potuerat;
1102 2918 1189 2976 quare
1208 2905 1322 2978 petebat
1343 2905 1397 2964 sibi
1421 2907 1572 2966 ulteriores
1596 2907 1725 2966 inducias

928 2989 1081 3064 indulgeri.
1099 2993 1299 3052 Procuratores
1321 3003 1416 3052 autem
1434 2995 1544 3069 prelati
1567 2997 1723 3070 responde·

929 3086 994 3137 utut
1006 3095 1022 3137 e
1036 3088 1136 3138 contra
1160 3082 1235 3154 quod
1251 3082 1493 3158 archiepiscopus,
1512 3085 1564 3142 etsi
1586 3099 1643 3142 non
1661 3101 1724 3158 per·

928 3169 1075 3240 sonaliter,
1090 3171 1193 3228 saltem
1206 3174 1391 3244 pernuntios,
1408 3180 1435 3231 et
1445 3173 1554 3231 litteras
1565 3171 1724 3232 deliberare

928 3272 1014 3330 super
1028 3257 1084 3317 hoo
1099 3266 1231 3332 potuerat
1241 3275 1307 3319 eum
1320 3270 1474 3333 conventu,
1485 3261 1562 3320 unde
1573 3277 1630 3320 ηοη
1643 3271 1723 3320 erant

928 3346 956 3404 ei
967 3347 1117 3406 ulteriores
1136 3347 1258 3406 inducie
1274 3348 1468 3423 indulgendae,
1490 3365 1527 3408 ne
1543 3352 1724 3424 prorogando

926 3435 1064 3508 judicium
1080 3435 1225 3495 videretur
1248 3437 1365 3511 iustitiae
1388 3438 1536 3512 derogare.
1558 3441 1617 3497 Nos
1638 3440 1725 3512 igitur

928 3524 1108 3584 attendentes
1120 3524 1195 3597 quod
1208 3528 1319 3599 aquius
1338 3534 1396 3596 ast,
1411 3528 1484 3599 parti
1508 3526 1543 3584 ad
1561 3526 1722 3585 deliberan-

927 3612 996 3672 dum
1017 3613 1171 3687 largiorem
1186 3615 1339 3673 terminum
1355 3614 1514 3688 indulgere,
1536 3629 1621 3688 quarn
1646 3615 1723 3674 litem

927 3701 1076 3778 breuiandi
1098 3710 1235 3776 praetextu
1254 3703 1408 3776 procedere
1438 3703 1534 3761 minus
1554 3705 1646 3775 olare;
1669 3720 1720 3762 vo·

927 3792 1076 3864 lentesque
1092 3792 1167 3850 dioto
1188 3791 1599 3867 archiepiscoponibilominus
1613 3795 1642 3852 in
1665 3793 1720 3852 liae

927 3889 1008 3954 parta
1028 3881 1134 3954 lavere,
1160 3881 1253 3939 adhue
1274 3884 1301 3940 ei
1321 3882 1466 3955 usquead
1487 3884 1648 3957 proximum
1670 3883 1724 3941 les·

927 3977 986 4028 tum
1001 3972 1033 4037 Β.
1050 3969 1197 4030 lliclteelis
1211 3971 1379 4045 archangeli
1393 3973 1545 4030 terminum
1562 3972 1597 4030 ud
1610 3971 1718 4031 delibe-

926 4059 1047 4117 randum
1062 4073 1112 4133 per
1126 4075 1167 4129 se,
1184 4061 1230 4117 vel
1243 4074 1294 4132 per
1308 4061 1394 4117 alium
1406 4075 1471 4118 curn
1490 4070 1632 4119 conventu
1646 4061 1724 4118 duxi·

927 4162 991 4205 mus
1005 4147 1222 4221 indulgendum,
1238 4161 1305 4206 eum
1324 4149 1437 4222 utrique
1458 4149 1530 4222 parti
1544 4164 1595 4222 pro
1611 4163 1720 4222 perem-

927 4237 998 4295 toria
1011 4237 1210 4309 assigoantes3
1234 4236 1273 4294 ita
1289 4236 1364 4308 quod
1378 4237 1403 4293 si
1415 4244 1513 4294 contra
1533 4237 1721 4309 tergendum

928 4339 985 4383 non
997 4324 1119 4394 duxerit,
1134 4338 1188 4382 nos
1202 4323 1238 4383 ab
1250 4323 1313 4396 ejus
1327 4339 1412 4397 super
1425 4323 1480 4382 boc
1499 4325 1678 4398 impetitione
1694 4332 1721 4382 te

926 4413 1132 4474 sententialiter
1157 4413 1380 4472 absolveremus.
1404 4412 1485 4481 Quod
1513 4414 1539 4469 si
1564 4413 1666 4487 egerit,
1693 4420 1722 4469 et

927 4518 994 4562 eum
1014 4503 1044 4560 io
1063 4517 1149 4561 causa
1174 4503 1236 4575 ipsa
1259 4501 1446 4560 succumbere
1467 4500 1537 4559 torte
1556 4501 1719 4575 eontigerit,

927 4593 1020 4666 ipsum
1034 4592 1093 4662 tibi,
1109 4599 1140 4650 ut
1154 4590 1318 4664 praedictum
1342 4597 1395 4661 est,
1413 4589 1672 4648 condemnaremus
1692 4590 1722 4646 in

926 4681 1076 4756 expensis;
1092 4679 1225 4738 eumdem
1236 4694 1349 4752 quoque
1361 4679 1513 4737 terminum
1528 4677 1663 4752 praedicto
1678 4694 1722 4736 ar-

927 4770 1109 4842 chiepiscopo
1127 4769 1308 4842 assignantes
1330 4768 1366 4826 ad
1388 4767 1603 4826 deliberandum
1625 4775 1720 4827 utrum

927 4858 995 4917 velit
1008 4858 1120 4927 cedere,
1143 4871 1179 4916 an
1199 4855 1371 4915 contendere
1386 4872 1471 4930 super
1491 4857 1535 4926 iis,
1556 4857 1658 4930 quibus
1670 4869 1718 4914 οο-

927 4961 988 5006 ram
1000 4945 1154 5020 saepedicto
1168 4944 1337 5019 predecess.
1354 4953 1451 5003 nostro
1464 4961 1530 5004 eum
1544 4960 1719 5003 reconvene-

927 5051 984 5108 ras,
1007 5044 1038 5095 ut
1057 5035 1190 5109 superius
1205 5041 1248 5093 est
1260 5049 1438 5107 expressum.
1454 5035 1595 5092 Praeterea
1611 5031 1722 5118 praefati

926 5131 1126 5202 procuratores
1150 5125 1190 5182 tui
1224 5129 1451 5182 reconvenerunt
1474 5123 1720 5195 archiepiscopum

927 5217 1105 5273 nominatum
1131 5227 1217 5285 super
1242 5227 1278 5269 eo
1302 5211 1444 5280 videlicet,
1469 5210 1545 5284 quod
1585 5209 1722 5269 officiales

927 5304 1026 5378 ipsius,
1043 5311 1071 5360 te
1085 5309 1115 5360 et
1128 5307 1300 5359 conventum
1319 5307 1399 5358 tuum
1419 5299 1586 5372 impediunt,
1607 5301 1719 5374 quomi-

927 5407 982 5452 nus
992 5391 1106 5466 possitis
1116 5403 1296 5462 congregare
1310 5387 1462 5461 synodum,
1478 5387 1623 5446 celebrare
1639 5389 1718 5461 capi·

927 5481 1027 5550 tulum,
1053 5486 1081 5537 et
1106 5477 1332 5551 jurisdictionem
1353 5477 1528 5550 spiritualem
1550 5479 1579 5534 in
1601 5477 1721 5534 subditis

927 5569 1109 5629 monasteriis
1137 5581 1280 5638 exercere,
1315 5565 1486 5624 beneficium
1512 5569 1541 5622 in
1575 5567 1719 5638 integrum

928 5657 1112 5716 restitutionis
1138 5655 1323 5714 nibilominus
1350 5655 1535 5727 postulantes,
1565 5667 1718 5727 supereo,

928 5747 1003 5823 quod
1021 5745 1168 5820 cujusdam
1182 5745 1341 5818 personalis
1354 5743 1567 5817 conrpositionis
1583 5749 1719 5815 praetextu
