3992 6380
90 297 147 358 805
293 289 637 368 QUADRAGESIMAE
656 289 913 351 HEBDOMADA
934 287 1115 361 QUARTA.
1131 317 1170 332 ·-
1185 287 1310 351 aalma
1336 289 1504 362 QUINTA.
1658 295 1719 357 806

90 454 173 516 scire
200 451 354 531 quidquid
378 450 532 524 voluerit,
563 449 707 528 Spiritus
734 449 874 516 Sanctus
929 446 1014 511 sicut
1039 447 1119 511 dicit
1138 447 1256 511 beatus
1281 449 1415 514 Petrus:
1451 452 1516 518 oa:
1537 453 1720 527 peccatum

67 551 175 614 ,dabit
194 549 279 612 velle
298 547 519 616 essebonum,
540 550 574 610 et
594 547 640 610 ita
663 547 727 609 erit
744 545 876 624 perfec·
928 559 996 607 aon
1019 546 1110 620 facti,
1135 559 1198 608 acc
1217 549 1312 610 dolus
1334 549 1495 611 inventus
1516 551 1568 610 cst
1593 555 1631 612 iu
1657 566 1718 615 ore

90 651 139 711 tus
153 649 188 709 in
198 647 286 710 omni
297 646 467 723 potestate,
477 645 641 722 'sapientia
652 644 686 706 et
698 643 871 706 charitate.
928 645 1002 715 ejus
1017 641 1101 721 (Pet.
1119 659 1156 716 11,
1168 642 1232 723 22).

968 740 1028 800 Vel
1038 755 1115 802 caro
1130 741 1244 802 nostra
1258 741 1379 804 dicitur
1393 743 1523 817 ductus,
1538 745 1616 822 quia
1631 763 1718 824 quo-

444 839 514 926 XX
928 835 1008 898 tidie
1021 837 1106 900 sicut
1117 853 1203 914 aqua
1220 838 1293 901 fluit
1310 841 1346 901 in
1363 841 1521 918 mortem:
1541 844 1619 921 quia
1634 845 1720 907 sicut

929 933 1107 1007 nascimur,
1128 935 1175 998 ita
1194 936 1370 1012 morimur;
1389 939 1467 1015 quia
1490 939 1633 1003 deterre
1650 941 1719 1003 nati

89 1043 428 1119 quppgqgfflqffl
435 1041 872 1113 HEBDOMADAQUARTA‚
929 1045 1042 1091 sumus
1057 1031 1090 1094 et
1103 1031 1275 1094 interram
1294 1036 1509 1097 revertemur.
1527 1037 1621 1100 Unde
1635 1038 1721 1115 legi-

929 1143 1001 1189 mus
1015 1129 1051 1190 in
1066 1127 1165 1190 Libro
1179 1131 1305 1206 Regum
1320 1132 1405 1208 quod
1421 1133 1570 1210 quasdam
1587 1136 1720 1213 sapiens

929 1224 1049 1286 mulier
1071 1225 1157 1288 dixit
1175 1225 1217 1288 ad
1240 1227 1363 1290 David:
1389 1231 1513 1292 Omnes
1532 1236 1718 1306 morimur,

124 1328 199 1390 Ibat
227 1329 329 1389 Iesus
362 1330 400 1388 tn
427 1326 604 1388 civitatem
631 1339 708 1399 quos
729 1323 874 1384 vocatur
929 1323 963 1383 et
989 1323 1079 1385 :cut
1102 1337 1202 1398 aqum
1227 1327 1411 1398 dilabimur
1431 1329 1468 1387 tn
1486 1328 1623 1390 terram
1644 1344 1722 1404 quoa

87 1428 199 1488 Nalm.
274 1422 367 1502 (Luc.
380 1437 440 1495 vn,
458 1421 521 1502 11).
928 1433 998 1480 non
1010 1420 1240 1482 revertuntur
1251 1419 1297 1500 (11
1309 1424 1389 1497 Reg.
1403 1437 1472 1495 xrs,
1490 1421 1558 1504 14),
1575 1427 1653 1502 quia
1667 1443 1722 1504 ge-

125 1521 324 1596 Erangelica
358 1520 456 1581 lectio
483 1534 581 1596 quam
603 1515 699 1580 modo
721 1515 873 1588 audistis,
929 1515 1058 1578 naratio
1072 1517 1217 1590 advenit,
1232 1519 1451 1594 atgenoratio
1468 1523 1625 1597 praeterit.
1648 1524 1719 1586 Ad-

89 1611 872 1689 lratrescarissimi,nititurtribuirlls,videllcet,
929 1612 1021 1675 vonit
1031 1615 1209 1688 nascendo,
1227 1616 1260 1678 at
1271 1617 1419 1693 praeterit
1431 1619 1612 1700 moriendo.
1628 1621 1723 1683 Unde

88 1715 234 1786 historia,
251 1714 422 1790 allegoria,
438 1713 472 1774 at
494 1712 690 1790 tropologia,
707 1711 792 1773 idest
809 1725 876 1772 mo
931 1710 1104 1772 Salomon:
1123 1715 1235 1775 Neruo
1253 1714 1305 1776 eal
1321 1718 1380 1789 qut
1397 1730 1536 1791 semper
1556 1719 1663 1792 ctoct,
1688 1722 1726 1784 ct

88 1809 475 1887 ralitato.Historia,quia
485 1811 596 1872 omnia
607 1808 826 1887 quaeaudistis
839 1807 875 1870 in
929 1811 987 1881 cut
997 1810 1099 1882 dedus
1113 1812 1168 1872 rei
1181 1811 1302 1872 babeat
1314 1811 1586 1891 fiduciamOEccl.
1604 1831 1651 1888 rx,
1673 1815 1718 1896 4).

88 1909 240 1986 praesenti
256 1908 407 1981 lectione,
423 1909 471 1969 ita
482 1907 661 1969 creduntur
675 1906 762 1968 lacta
774 1906 810 1966 in
823 1919 876 1966 ve·
969 1905 1097 1967 Dicitur
1108 1906 1207 1968 etiam
1223 1908 1409 1980 commotio,
1426 1911 1504 1987 quia
1517 1926 1596 1972 caro
1608 1913 1722 1975 nostra

88 2007 191 2078 ritate
213 2006 301 2067 sicut
313 2005 425 2066 audita
438 2005 515 2066 sunt
529 2003 570 2066 ad
585 2004 741 2066 litteram.
758 2005 795 2064 In
811 2017 874 2079 quo
930 2003 1075 2079 quotidie
1088 2005 1313 2066 commovetur
1324 2007 1366 2067 ad
1379 2008 1593 2070 tentationem
1609 2012 1723 2072 contra

320 1191 421 1238 sarua
441 1191 568 1246 curura
590 1171 637 1254 (1)

88 2101 314 2165 consideratur
334 2117 454 2178 magna
469 2100 697 2162 misericordia
712 2100 876 2178 Redemp-
930 2099 1093 2176 spiritum.
1112 2101 1205 2162 Unde
1219 2103 1418 2178 Apostolus:
1443 2109 1531 2167 Caro
1545 2113 1725 2183 concupit-

87 2201 179 2271 toris,
203 2200 262 2278 qui
282 2200 318 2261 in
341 2199 508 2260 civitatem
529 2198 622 2260 illam
646 2197 800 2274 dignatus
825 2196 876 2257 est
928 2197 976 2258 cit
988 2201 1157 2259 adversus
1169 2198 1344 2272 spiritum,
1361 2201 1506 2274 spiritua
1520 2204 1638 2264 autem
1656 2208 1723 2266 od-

87 2297 143 2370 ire,
157 2297 213 2358 ubi
227 2297 354 2358 sciebat
365 2296 468 2357 lilium
483 2296 592 2358 uiduae
606 2296 771 2357 mortuum
789 2307 873 2364 esse,
929 2308 1052 2355 versus
1069 2309 1211 2356 carnem
1225 2293 1347 2374 (Galat.
1360 2313 1393 2368 v,
1409 2295 1473 2376 17).
1497 2300 1532 2359 Si
1544 2299 1629 2361 hene
1643 2317 1725 2362 oon-

87 2395 121 2456 ut
139 2395 171 2456 et
185 2394 322 2457 viduam
338 2393 578 2462 consolaretur,
604 2393 709 2455 illium
729 2408 750 2454 a
767 2392 875 2454 morte
929 2390 1111 2464 sideretur,
1134 2407 1214 2454 caro
1240 2409 1307 2454 non
1335 2395 1541 2472 concupiscit
1563 2397 1724 2462 adversus

87 2492 330 2564 resuscitanda,
355 2492 388 2553 et
408 2491 528 2552 multos
550 2491 591 2552 ad
615 2491 713 2552 tidem
735 2505 876 2552 conver-
929 2488 1093 2565 spiritum,
1110 2489 1187 2566 quia
1198 2489 1283 2551 nihil
1293 2493 1497 2568 concupiscit
1508 2495 1581 2555 sine
1591 2496 1721 2574 spiritu,

84 2588 173 2662 teret,
199 2589 287 2651 etin
305 2589 596 2651 Adeoontlrmaret
617 2605 676 2666 spe
699 2603 874 2650 resurrec·
930 2601 1036 2663 neque
1063 2586 1199 2663 spiritus
1226 2588 1446 2665 concupiscit,
1469 2591 1630 2653 adversus
1653 2609 1726 2655 car·

85 2685 180 2747 tionis
194 2686 367 2762 erigendo.
385 2685 448 2748 Sed
462 2687 548 2748 sicut
561 2685 642 2748 dicit
656 2685 773 2748 beatus
792 2688 876 2747 Gre-
930 2699 1017 2756 nem,
1029 2684 1106 2760 quia
1122 2684 1232 2760 diligit
1248 2685 1366 2762 ipsam,
1386 2687 1472 2748 sicut
1490 2688 1571 2751 dicit
1588 2692 1725 2768 Apostc

84 2785 192 2859 gorius
210 2804 217 2844 :
231 2784 399 2846 «Divinus
419 2800 527 2846 sermo
549 2783 644 2862 quasi
659 2783 793 2861 quidam
806 2784 874 2845 tlu-
929 2782 997 2841 lus:
1010 2784 1124 2844 Nemo
1140 2797 1283 2844 carnem
1295 2799 1396 2846 suam
1410 2787 1486 2846 odio
1499 2789 1615 2850 babuit
1625 2787 1721 2868 (pr.

85 2881 153 2944 rius
174 2883 228 2943 est
248 2882 367 2958 planus
388 2881 422 2943 et
444 2881 547 2952 altus,
574 2883 609 2943 in
636 2895 701 2958 quo
721 2881 756 2944 et
769 2897 875 2957 agnus
928 2877 1033 2958 v,29),
1046 2878 1296 2943 seddictumest
1308 2883 1552 2960 concupiscere,
1565 2885 1725 2962 qtriacar·

83 2977 228 3040 ambulet
239 2979 272 3040 et
281 2979 416 3057 elephas
429 2977 714 3041 natet.»Praesens
728 2979 827 3040 lectio
839 2980 876 3041 ut
929 2975 1020 3036 nalia
1032 2976 1114 3039 vitia
1126 2977 1364 3054 concupiscunt
1380 2979 1542 3042 adversus
1558 2983 1722 3059 spiritum,

82 3073 211 3137 divinus
226 3091 335 3138 sermo
350 3091 428 3137 rere
444 3074 566 3138 fluvius
581 3078 641 3149 est,
659 3076 736 3153 quia
751 3078 874 3139 terram
929 3074 963 3135 et
993 3074 1129 3150 spiritus
1153 3074 1312 3136 adversus
1338 3075 1409 3137 illa.
1435 3077 1529 3139 Unde
1555 3081 1724 3156 apostolus

84 3173 307 3235 cordisvestri
320 3173 429 3250 potest
444 3173 568 3248 rigare,
584 3173 620 3235 ut
633 3172 735 3235 iaciat
748 3173 875 3235 fructus
930 3172 1065 3232 Petrus:
1083 3174 1227 3234 Obsecro
1248 3187 1309 3234 vos
1333 3173 1497 3247 tanquam
1518 3179 1670 3240 advenas
1690 3179 1725 3240 et

84 3269 166 3332 vitae.
191 3270 235 3332 nt
255 3272 307 3332 est
329 3271 448 3346 planus
466 3269 670 3346 simplicibus
691 3285 750 3348 per
763 3270 874 3332 histo-
924 3270 1726 3347 pereprrncsaostczcreeosaromaticarum:-

84 3367 174 3440 riam,
201 3368 293 3429 altus
318 3367 523 3445 sapientibus
544 3383 603 3444 per
617 3367 823 3444 allegoriam,
839 3367 875 3429 in
929 3369 1047 3438 dariis,
1083 3381 1160 3440 quae
1186 3369 1339 3430 :stillant
1369 3372 1538 3432 adversus
1568 3375 1725 3434 amaeam

83 3479 143 3540 quo
164 3481 293 3541 agnus,
317 3465 418 3536 idest,
444 3464 582 3542 quilibet
606 3464 748 3542 simplex
768 3466 876 3541 potest
930 3460 959 3543 (l
973 3463 1044 3524 Pet.
1057 3479 1094 3535 11,
1112 3462 1176 3543 11).

82 3562 263 3635 ambulare,
283 3563 379 3635 idest,
404 3560 506 3623 verba
529 3561 606 3624 vitm
629 3561 821 3638 percipere;
842 3563 875 3624 et
968 3561 1104 3638 Triplex
1130 3559 1320 3623 colluctatio
1340 3561 1431 3624 fideli
1460 3564 1567 3627 estin
1588 3565 1723 3630 mundo.

82 3658 230 3737 elephaS,
254 3659 351 3732 idest,
376 3657 517 3735 quilibet
541 3658 675 3735 sapiens
689 3659 797 3736 potest
812 3674 876 3720 na·
928 3658 1214 3734 Pugnatnamque
1234 3657 1341 3721 tidelis
1362 3661 1478 3724 contra
1492 3676 1627 3724 carnem
1648 3681 1723 3742 quae

82 3755 160 3830 tare,
174 3755 276 3830 idest,
293 3756 420 3818 secreta
439 3756 612 3833 sapientiae
637 3771 797 3834 quaerere,
814 3756 873 3819 sed
928 3756 1133 3833 concupiscit
1146 3755 1307 3818 adversus
1322 3757 1486 3835 spiritum,
1510 3759 1597 3823 sicut
1614 3764 1724 3840 Apos-

80 3853 119 3913 ad
133 3853 334 3932 profundum
349 3868 415 3916 non
427 3856 613 3930 pervenire.
927 3852 1014 3915 tolus
1034 3853 1100 3914 ait:
1123 3857 1223 3916 Video
1243 3858 1349 3916 aliurn
1370 3860 1478 3932 legem
1497 3861 1535 3919 ira
1558 3861 1726 3923 membris

119 3952 192 4014 Ibat
221 3953 323 4014 lesu:
348 3954 386 4012 tn
411 3951 588 4012 civitatem
619 3965 696 4026 qcoe
729 3951 875 4013 vocatur
926 3953 1014 4012 mets
1025 3951 1279 4024 repugnantem
1292 3954 1358 4026 leat
1372 3953 1600 4016 mentiamur
1613 3954 1722 4035 (Rom.

81 4050 192 4110 Nalm.
225 4047 325 4109 Naim
362 4047 599 4123 interpretatur
633 4046 772 4117 fluctus,
801 4047 873 4110 sire
926 4061 986 4118 vn,
1005 4042 1071 4124 23).
1097 4046 1227 4121 Pugnat
1247 4046 1368 4108 iterum
1391 4047 1500 4110 fidelis
1520 4051 1637 4112 contra
1658 4052 1725 4114 im-

82 4145 266 4216 commotio,
278 4143 311 4205 et
323 4143 633 4220 significatcarnem
647 4143 794 4205 nostram
809 4143 873 4206 lba-
927 4143 1011 4220 pios,
1032 4141 1206 4218 dequibus
1228 4142 1276 4204 ait
1307 4144 1488 4205 Dominus:
1513 4149 1626 4210 Eratis
1646 4153 1723 4212 odio

81 4241 188 4316 gilem,
216 4240 410 4320 passibilem
431 4245 464 4301 et
481 4239 669 4311 mortalem,
686 4254 760 4316 quae
787 4239 872 4303 bene
926 4242 1082 4302 amntem
1094 4239 1241 4314 propter
1256 4253 1382 4302 nornen
1399 4256 1516 4304 meum
1533 4241 1664 4322 (natan.
1687 4262 1722 4318 x,

81 4336 201 4401 dicitur
224 4337 360 4410 ductus,
395 4337 473 4414 quia
499 4335 647 4414 quotidie
673 4336 813 4399 fluctuat
839 4338 873 4400 et
926 4332 991 4415 22).
1007 4335 1118 4397 sust
1131 4337 1472 4410 mepersecutasuut
1486 4340 1725 4416 ctoosperse-

81 4433 161 4504 duit,
178 4434 267 4496 sicut
281 4449 379 4512 aqua,
402 4434 438 4494 in
458 4433 550 4497 vitiis
565 4433 598 4494 et
611 4433 767 4510 peccatis.
789 4433 872 4506 Quia
926 4433 1077 4508 coeatur
1087 4429 1197 4510 (Joau.
1210 4446 1266 4504 xv,
1281 4429 1347 4511 20).
1361 4435 1493 4509 Pugnat
1502 4437 1603 4499 etiam
1615 4437 1723 4500 ildelis

81 4531 164 4594 sicut
191 4532 273 4594 dicit
300 4531 405 4594 David
424 4547 467 4591 :c
491 4532 529 4591 In
555 4529 732 4608 iniquitate
758 4546 872 4592 sumus
927 4529 1043 4591 contra
1071 4527 1275 4606 asperiorem
1309 4529 1492 4604 inimicum,
1516 4533 1556 4595 de
1588 4549 1654 4611 quo
1675 4535 1725 4598 ait

81 4629 242 4707 concepti,
265 4630 299 4691 et
311 4629 347 4690 in
363 4628 497 4706 peccato
510 4628 591 4700 nati,
605 4643 624 4687 »
636 4628 671 4690 ct
685 4631 722 4688 tn
731 4629 872 4702 peccato
926 4625 1121 4704 Apostolus:
1137 4629 1217 4689 Non
1228 4625 1280 4688 cst
1291 4630 1387 4689 :tobis
1396 4631 1586 4694 coductotto
1595 4635 1724 4694 adrrer-

81 4728 241 4789 cavtmus.
267 4724 362 4787 Unde
374 4725 410 4785 in
424 4723 635 4786 Proverbiis:
656 4727 738 4792 ouis
757 4727 873 4798 potest
910 4740 986 4808 ,sus
999 4738 1153 4796 corucem,
1168 4726 1229 4785 sed
1242 4727 1410 4788 adversus
1424 4731 1601 4804 principes
1619 4730 1724 4805 etpo-

81 4825 212 4886 dtcere:
232 4824 401 4884 amodum
419 4821 471 4883 cst
489 4837 550 4883 cor
566 4835 693 4893 mum,
712 4821 747 4884 et
757 4837 873 4896 pamas
927 4823 1069 4886 testatos
1082 4819 1216 4900 (lophos.
1232 4835 1279 4892 vr,
1293 4819 1357 4901 12).

79 4933 156 4981 sam
168 4935 191 4982 a
201 4920 366 4994 ccccmo:
378 4918 492 4998 (Pron.
508 4934 566 4989 xx,
582 4916 628 4998 9).
647 4918 687 4980 u:
706 4921 871 4982 loannes:
967 4919 1099 4980 Primus
1120 4917 1225 4979 hostis
1254 4918 1362 4993 nocet,
1382 4919 1470 4983 idest
1492 4937 1583 4994 caro,
1614 4925 1723 4987 motus

80 5017 330 5087 didicerimus,
341 5020 424 5092 quta
433 5015 612 5093 peccatum
621 5019 870 5090 nonbcoemus,
927 5016 1064 5078 illicitos
1084 5015 1265 5088 incitando,
1282 5015 1340 5092 qui
1370 5018 1421 5080 est
1436 5019 1619 5082 vincendus
1633 5025 1726 5100 jeju-

81 5116 251 5188 nosipsos
271 5115 478 5186 seducimus,
501 5112 537 5175 ct
557 5112 689 5176 cordas
715 5115 754 5174 tn
776 5115 873 5178 nobb
926 5114 1004 5182 niis,
1014 5112 1152 5188 vigiliis,
1163 5111 1344 5186 laboribus,
1356 5115 1724 5197 orationibus,allisque

81 5225 148 5271 nort
166 5209 229 5283 cst,
246 5213 328 5286 quac
344 5213 382 5272 in
399 5211 517 5272 malitis
533 5210 739 5284 offendimus
754 5223 873 5275 ornnes
927 5210 1118 5289 hujusmodi
1143 5210 1317 5273 domando.
1331 5207 1426 5274 'Hinc
1450 5215 1626 5290 Apostolus
1654 5218 1721 5279 ait:

84 5303 219 5384 (ilcan.
240 5323 264 5380 1,
284 5306 330 5387 8).
352 5307 449 5370 Solus
470 5309 557 5368 Deus
575 5307 710 5369 estsine
724 5309 871 5384 peccato,
927 5310 1065 5384 Castico
1087 5323 1213 5384 corpus
1242 5322 1369 5378 mcum,
1402 5309 1436 5370 et
1456 5313 1494 5372 iu
1518 5314 1723 5376 servitutem

118 5460 157 5534 (l)
177 5463 286 5521 Titulus
302 5478 425 5537 sequens
441 5464 468 5522 le
490 5464 545 5521 itur
561 5464 590 5520 in
610 5463 699 5522 cod:
714 5464 807 5520 Sermo
822 5464 875 5522 iste
926 5409 1046 5480 ream
1059 5403 1088 5484 (Ι
1105 5407 1179 5466 0οΠ
1195 5419 1243 5474 ¹¹³
1262 5403 1328 5484 27)·
1345 5406 1384 5467 Et
1399 5406 1496 5468 ”⁰¹¹⁸
1513 5411 1723 5482 mmmm

83 5529 317 5592 dominicatisest.
331 5478 494 5609 Legelurfia
508 5535 732 5593 stationeSancti
747 5535 873 5593 silvestri
927 5505 1083 5564 '’mbr“
1107 5503 1225 5564 ”ema
1252 5516 1329 5575 W
1357 5505 1439 5566 sum
1455 5519 1562 5613 ‚mer
1587 5506 1723 5616 ‘emm

83 5601 112 5657 ln
127 5604 354 5678 quadragesima.
929 5595 1116 5676 (Gulosus,
1132 5596 1177 5677 5).
1190 5599 1366 5664 socundus
1378 5601 1483 5681 bostis
1498 5603 1606 5672 nocet,
1621 5603 1719 5679 idest,
