4122 6308
124 367 180 436 ιιι
683 359 877 428 mrssro
899 359 1203 444 rauracosrns.
1707 361 1768 427 ola

124 535 198 596 sine
211 531 286 610 ipso
307 529 355 592 nil
378 525 560 592 subsistere
578 524 695 608 potest,
718 521 864 604 proiecto
878 523 920 586 ab
936 551 940 559 ·
972 522 1131 602 gesimus,
1152 521 1209 602 qui
1227 522 1317 586 huuc
1337 521 1426 586 diem
1450 521 1669 600 significabat,
1680 521 1774 600 tubi-

125 629 197 708 ipso
212 629 315 691 habet
329 643 402 688 esse
417 642 512 688 omne
524 623 610 704 quod
624 625 721 686 esset.
742 626 843 701 equo
855 623 940 700 igi·⁴
974 624 1056 686 lesus
1078 623 1226 694 vocatur,
1247 622 1343 696 idest,
1369 637 1478 682 annus
1497 620 1715 692 remissionis,
1736 620 1773 680 in

124 731 180 790 tur
194 727 245 789 est
258 726 405 787 omnium
427 740 510 796 esse,
533 722 663 784 constat
675 721 830 784 nimirum
845 736 921 782 eum
971 736 1039 798 quo
1068 722 1101 782 et
1127 720 1233 782 servis
1259 718 1399 782 dabatur
1423 717 1576 790 libertas,
1606 717 1640 779 et
1666 717 1773 778 omnis

123 825 239 886 omnia
259 839 368 900 posse,
390 821 467 900 quia
491 820 602 882 omnia
625 818 810 896 peripsum
834 817 921 880 iacta
975 817 1152 878 haereditas
1172 817 1349 894 adprimus
1366 815 1517 876 dominos
1530 813 1770 876 revertebatur.

124 921 216 995 sunt,
231 921 264 982 et
278 918 352 982 sine
374 917 447 996 ipso
470 917 593 980 factum
615 918 666 978 est
687 915 782 978 nihil.
801 915 921 978 Procul
942 991 943 994 Ἴ
976 915 1068 986 Quod
1080 914 1213 992 quidem
1234 915 1316 975 tunc
1337 913 1535 989 completum
1559 911 1620 984 est,
1644 911 1775 988 quando

124 1019 227 1080 dubio
250 1021 337 1080 Deus
361 1018 421 1090 est,
445 1016 501 1094 qui
525 1015 635 1077 omnia
663 1013 781 1090 replet,
810 1011 921 1074 omnia
976 1012 1125 1090 Apostoli
1139 1011 1241 1072 etalii
1256 1010 1421 1086 discipuli,
1437 1010 1493 1086 qui
1509 1008 1776 1070 fueruntiuuda-

124 1115 286 1188 continet,
302 1114 414 1176 omnia
429 1113 545 1190 potest,
563 1114 596 1174 et
614 1111 726 1173 omnia
740 1109 842 1172 novit.
866 1110 922 1172 Sic
975 1109 1086 1172 menta
1105 1109 1140 1171 et
1159 1109 1259 1170 duces
1280 1107 1447 1180 Ecclesiae,
1463 1106 1498 1167 in
1513 1106 1638 1183 Spiritu
1654 1106 1775 1166 Sancto

125 1212 219 1274 enim
233 1212 391 1288 seriptum
404 1211 455 1272 est
466 1210 509 1272 de
521 1210 581 1272 illo
595 1230 603 1270 ε
618 1207 771 1284 Qtrttns
784 1209 922 1270 Domini
976 1207 1145 1284 baptizati,
1177 1206 1210 1267 et
1235 1204 1276 1266 ab
1306 1205 1397 1266 omni
1432 1204 1590 1266 vitiorum
1616 1202 1774 1264 servitute

124 1311 274 1384 repleuit
287 1313 405 1370 orbem
416 1310 633 1370 terrarum...
975 1303 1109 1365 liberati
1127 1304 1215 1364 sunt
1231 1303 1324 1364 Unde
1338 1302 1410 1378 ipse
1424 1301 1583 1363 Dominus
1597 1300 1666 1361 ait:
1685 1302 1776 1366 unta

166 1405 357 1468 Notandum
372 1406 480 1467 adbuc
489 1404 524 1466 iu
537 1404 589 1465 his
599 1403 720 1475 verbis,
730 1417 828 1480 quam
842 1416 923 1464 con-
974 1400 1466 1475 roannespumcmoaptnavn
1475 1413 1575 1472 aqna,
1585 1413 1646 1460 cos
1657 1397 1792 1476 antem

123 1520 222 1582 grue,
235 1497 923 1582 quamdistinctecommendeturetperso-
977 1498 1231 1576 baptizabimini
1253 1500 1289 1559 tn
1314 1497 1449 1572 Spiritu
1464 1496 1588 1558 Sancto
1609 1510 1678 1558 non
1699 1495 1776 1568 post

125 1617 250 1662 narum
264 1596 450 1677 pluralitas,
463 1597 699 1662 etsubstantiae
710 1597 831 1658 unitas.
843 1597 923 1656 Cum
976 1597 1100 1658 mastos
1111 1599 1171 1657 bos
1185 1597 1257 1656 dies
1270 1591 1355 1672 (Act.
1366 1608 1390 1665 1,
1402 1591 1542 1670 bitinia
1554 1595 1622 1654 nisi
1636 1594 1711 1666 nnis
1724 1605 1777 1652 re-

126 1699 218 1760 enim
225 1697 432 1774 praemissum
443 1696 540 1768 esset,
552 1696 705 1770 Spiritus
716 1695 856 1756 Domini
871 1708 925 1755 re·
977 1693 1079 1754 nabas
1092 1691 1201 1766 pain
1215 1706 1261 1754 eor
1270 1706 1361 1764 aqna
1372 1692 1405 1752 et
1411 1691 1545 1764 Spiritu
1559 1690 1695 1762 santo,
1707 1703 1777 1751 non

119 1792 231 1868 picoti
243 1795 360 1858 orbem
373 1793 563 1862 terrarum,
580 1790 692 1852 statim
706 1787 922 1860 subinfertur,
978 1790 1121 1852 intrabit
1138 1793 1176 1850 in
1193 1803 1341 1865 repnnm
1358 1793 1519 1850 coetorum
1536 1785 1645 1865 (Joan.
1660 1801 1710 1857 ιιι,
1725 1784 1773 1864 5).

104 1889 162 1950 ‚et
187 1889 251 1949 hoc
278 1887 365 1965 quod
390 1887 540 1950 cundoet
568 1877 690 1958 omnia,
717 1901 785 1950 nou
811 1885 842 1946 is
868 1883 924 1961 qui
978 1889 1048 1950 Hac
1067 1886 1167 1963 igitur
1179 1886 1233 1946 die
1246 1887 1280 1948 et
1300 1885 1478 1946 haereditas
1493 1885 1526 1945 et
1544 1883 1678 1945 libertas
1693 1881 1774 1943 red-

127 1985 278 2046 continet
306 1984 429 2056 omnia,
465 1971 615 2061 quamvis
645 1984 678 2045 ct
711 1982 761 2044 sic
793 1982 924 2060 quidem
978 1984 1047 2046 dita
1060 1982 1227 2046 estnobis.
1243 1982 1428 2044 Haereditas
1448 1983 1480 2044 et
1501 1980 1638 2042 libertas
1659 1980 1772 2042 nostra

124 2085 219 2144 recte
238 2081 305 2142 dici
328 2081 500 2158 potuisset.
532 2081 594 2142 Sed
614 2079 765 2141 miranda
795 2079 924 2140 ratione
977 2081 1179 2156 estregnum
1193 2079 1264 2152 Dei,
1279 2079 1314 2140 in
1332 2078 1417 2156 quod
1435 2093 1574 2154 regnum
1590 2092 1656 2138 non
1668 2077 1776 2139 intra·

127 2179 236 2240 voluit
257 2177 431 2255 Scriptura
459 2193 555 2239 sacra
574 2177 610 2238 ut
632 2177 754 2238 dictum
776 2175 836 2247 est,
863 2174 923 2236 sub
978 2179 1042 2250 tur,
1060 2177 1125 2252 nisi
1148 2192 1207 2254 per
1225 2193 1356 2254 aquam,
1373 2175 1405 2236 et
1425 2174 1584 2252 Spiritum
1606 2173 1775 2236 Sanctum.

128 2277 223 2338 tanta
250 2273 428 2336 verborum
457 2273 630 2346 brevitate,
652 2275 686 2335 et
708 2288 924 2350 personarum
980 2275 1044 2337 Sed
1057 2275 1143 2338 sicut
1157 2274 1238 2336 dicit
1250 2273 1427 2351 Apostolus
1443 2294 1451 2332 ε
1469 2275 1592 2334 Omina
1606 2275 1643 2333 tn
1661 2272 1778 2347 lipara

126 2371 364 2449 pluralitatem,
381 2371 414 2432 et
431 2369 624 2432 substantiae
636 2371 797 2432 unitatem
813 2371 926 2432 osten·
979 2373 1218 2449 continpebnnt
1251 2375 1315 2434 iltis
1339 2368 1369 2448 (Ι
1383 2371 1456 2432 Gor.
1476 2385 1514 2442 x,
1534 2367 1598 2448 11),
1622 2367 1778 2430 debemus

127 2469 220 2530 dere.
256 2471 479 2530 Personarum
522 2468 697 2546 pluralitas
740 2467 925 2530 ostenditur
979 2471 1091 2532 omnia
1113 2469 1178 2530 ista
1200 2467 1378 2544 allegorice
1402 2467 1489 2528 dicta
1518 2465 1777 2528 converteread

128 2565 163 2626 in
187 2581 237 2637 eo,
260 2565 346 2642 quod
373 2565 508 2642 spiritus
536 2565 599 2626 iste
630 2565 766 2642 spiritus
794 2565 924 2626 Domini
978 2567 1155 2629 utilitatem
1169 2567 1329 2627 nostram.
1675 2631 1678 2639 ,

127 2662 262 2726 dicitur.
292 2662 387 2724 Alius
419 2663 470 2724 est
506 2663 596 2723 enim
621 2662 709 2740 ipse,
733 2662 819 2722 alius
854 2661 921 2733 ille,
1017 2667 1105 2726 cum
1131 2661 1480 2738 conparentur-cm
1504 2661 1775 2724 Pentecosten...

127 2762 227 2836 cujus
247 2759 384 2836 spiritus
404 2758 527 2820 dicitur
553 2775 637 2820 esse.
664 2759 821 2820 identitas
844 2774 924 2820 vero
980 2763 1015 2824 Si
1034 2761 1095 2822 filii
1115 2760 1217 2822 lsrael
1241 2774 1365 2832 sumus,
1389 2757 1488 2826 idest,
1500 2760 1603 2818 Deum
1626 2757 1777 2820 videntes

125 2855 323 2918 substantiae
346 2853 540 2927 ostenditur,
573 2855 650 2916 dum
677 2856 764 2916 idem
789 2855 924 2932 spiritus
977 2875 1038 2938 per
1060 2858 1169 2930 fldem,
1193 2873 1266 2935 quae
1290 2843 1583 2934 per'dilectionem
1607 2855 1774 2933 operatur,

127 2951 209 3014 illud
226 2968 300 3013 esse
313 2951 444 3024 dicitur,
461 2953 616 3030 perquod
631 2953 743 3014 omnia
758 2952 926 3014 continen·
979 2956 1134 3018 debemus
1154 2955 1205 3016 ire
1225 2955 1261 3016 in
1281 2954 1448 3016 desertum
1470 2953 1511 3014 ad
1533 2952 1678 3014 montem
1705 2953 1776 3024 Dei,

125 3049 191 3110 tur.
209 3049 268 3110 Est
283 3050 394 3126 itaque
409 3049 464 3111 hic
478 3049 614 3126 spiritus
635 3048 717 3110 illud
737 3049 824 3110 idem
839 3049 924 3126 quod
979 3054 1057 3131 quia
1075 3052 1161 3114 sicut
1179 3051 1260 3114 dicit
1269 3051 1449 3128 Apostolus
1468 3071 1475 3110 ι
1498 3053 1708 3125 Impossibile
1722 3051 1774 3123 est

125 3147 177 3207 est
190 3145 257 3217 ille,
276 3161 296 3206 a
316 3162 380 3223 quo
400 3148 476 3208 sunt
490 3146 612 3218 omnia,
629 3145 712 3206 illud
735 3145 824 3206 idem
839 3145 923 3223 quod
978 3153 1054 3212 sine
1076 3151 1143 3222 lide
1157 3155 1296 3224 placere
1316 3152 1387 3210 Deo
1408 3145 1536 3227 (Heba,
1557 3162 1604 3218 ιιι,
1619 3144 1653 3226 6)
1674 3147 1775 3224 quia:
1821 3193 1824 3200 .

123 3244 178 3304 est
189 3243 258 3315 ille,
283 3237 343 3318 per
365 3259 462 3320 quem
489 3243 565 3304 sunt
588 3243 710 3304 omnia.
734 3243 819 3304 Illud
838 3243 925 3305 idem
977 3247 1098 3309 Justns
1115 3261 1161 3308 em
1179 3248 1245 3319 lide
1264 3247 1350 3307 nteit
1369 3243 1496 3324 (Heba,
1512 3260 1546 3317 ιι,
1565 3243 1631 3323 38).
1648 3247 1734 3320 Ergo
1750 3243 1778 3306 si

123 3337 214 3417 quod
227 3341 277 3402 est
291 3339 358 3412 ille,
376 3341 479 3416 quiin
494 3339 656 3418 principio
669 3339 794 3401 crearit
806 3340 924 3402 coelum
979 3343 1131 3405 volumus
1146 3342 1298 3404 confiteri
1311 3345 1414 3405 Deum
1429 3357 1488 3420 per
1500 3341 1609 3410 tidem,
1621 3340 1778 3402 debemus

123 3437 161 3497 et
184 3435 317 3496 terram.
342 3435 426 3498 Illud
454 3435 552 3505 idem,
583 3436 668 3514 quod
700 3437 750 3497 est
775 3435 842 3510 ille,
866 3453 925 3513 per
980 3440 1073 3500 exire
1098 3439 1139 3500 de
1167 3439 1329 3516 AEgypto,
1357 3438 1443 3499 sicut
1467 3438 1575 3501 Judaei
1603 3437 1775 3511 exierunt,

6 3573 10 3584 .
124 3549 226 3610 quem
239 3532 415 3595 factasunt
436 3531 557 3606 omnia,
579 3533 612 3594 et
633 3533 706 3593 sine
721 3549 785 3609 quo
798 3531 921 3594 tactum
978 3537 1074 3609 idest,
1091 3537 1303 3598 contemnere
1323 3535 1496 3609 mundum3
1519 3535 1597 3612 quia
1613 3537 1778 3614 AEgyptus

123 3627 287 3690 estnihil.
309 3631 367 3692 Est
387 3630 498 3708 itaque
518 3629 573 3690 bic
585 3629 721 3706 spiritus
737 3629 822 3690 idem
838 3630 924 3707 quod
978 3632 1125 3695 tenebrae
1146 3632 1395 3710 interpretatur,
1410 3631 1468 3702 ¹vel
1485 3631 1729 3706 tribulationes,
1746 3633 1779 3696 et

126 3728 238 3798 Pater,
255 3727 341 3787 idem
355 3725 442 3804 quod
468 3726 584 3798 Filius,
608 3725 685 3804 quia
705 3729 804 3788 Pater
816 3728 849 3788 et
863 3727 923 3788 si·
979 3729 1146 3806 significat
1159 3729 1404 3792 multitudinem
1420 3728 1631 3806 peccatorum
1646 3731 1779 3791 nostro-

125 3821 192 3884 lius
208 3824 242 3885 et
257 3823 398 3900 Spiritus
420 3825 560 3884 Sanctus
581 3840 667 3884 unus
678 3823 728 3884 est
742 3827 840 3896 Deus,
858 3839 924 3886 una
978 3843 1064 3900 rum,
1081 3826 1113 3888 et
1126 3827 1289 3888 tormenta
1300 3825 1519 3887 internorum.
1531 3827 1671 3888 Peccata
1683 3842 1779 3887 nam·

125 3919 325 3992 substantia,
361 3937 428 3981 una
461 3921 630 3994 divinitae,
654 3937 722 3982 una
755 3922 922 3998 majestas.
979 3939 1042 4001 que
1056 3926 1133 3984 sunt
1146 3923 1292 3985 tenebrae
1307 3922 1446 3997 mentis;
1467 3922 1631 3983 tormenta
1656 3922 1778 3988 inferni

123 4016 314 4078 scientiam
333 4015 432 4077 babet
451 4020 553 4087 poem,
565 4015 660 4088 idest,
676 4015 847 4078 scientiam
863 4017 926 4078 ba·
978 4023 1055 4081 sunt
1083 4019 1314 4080 tribulationes
1345 4018 1578 4079 damnationis.
1614 4019 1708 4080 Unde
1742 4021 1776 4082 in

123 4111 181 4174 bet
194 4111 342 4173 omnium
353 4128 482 4174 vocum.
501 4112 654 4174 Siautem
669 4113 842 4174 scientiam
857 4111 923 4174 lra-
978 4115 1111 4177 Psalmo
1126 4117 1342 4177 :Secundum
1352 4114 1606 4176 multitudinem
1621 4119 1790 4178 dotorum.

124 4207 180 4270 bet
207 4209 463 4281 recumbebat
494 4209 607 4287 artique
637 4226 760 4272 rerum.
788 4213 925 4289 Semper
977 4229 1136 4276 meorum
1147 4213 1392 4274 consolationes
1405 4212 1484 4284 tum,
1499 4215 1656 4286 Domine,
1670 4215 1779 4287 laetiti-

124 4306 214 4366 euim
237 4305 368 4384 plenam
383 4306 604 4382 cognitionem
622 4323 735 4368 rernm
748 4307 924 4370 comitatur
976 4311 1144 4372 caverunt
1154 4311 1310 4372 aninmm
1322 4323 1437 4370 meam
1452 4306 1521 4388 (Ps.
1536 4311 1586 4381 93,
1602 4308 1666 4389 19).
1683 4313 1776 4384 Quo-

124 4403 266 4465 ecientia
288 4419 416 4464 vocum.
445 4403 508 4464 Sed
533 4404 622 4474 nota,
650 4405 734 4481 quod
754 4421 821 4466 non
844 4405 924 4468 dicit
977 4408 1057 4470 tidie
1071 4407 1261 4470 laetillcatur
1278 4405 1391 4467 anima
1408 4407 1591 4482 peccatoris
1610 4407 1645 4468 in
1664 4410 1778 4486 operi·-

124 4501 299 4562 scientiam
315 4501 488 4574 sermonis,
508 4502 566 4562 sed
585 4503 687 4563 vocis.
706 4503 819 4563 Omnis
833 4503 923 4564 euim
976 4505 1038 4567 bus
1053 4505 1160 4579 bunia,
1176 4507 1209 4566 et
1221 4499 1468 4567 tuuc'debemus
1485 4504 1535 4565 ire
1554 4505 1591 4565 in
1609 4505 1776 4568 desertum

125 4615 234 4659 sermo
255 4615 320 4660 vox
335 4599 395 4672 est,
412 4599 546 4660 sednon
561 4600 667 4660 omnis
683 4617 748 4661 vox
761 4616 881 4661 sermo.
978 4603 1019 4674 ad
1034 4603 1178 4665 montem
1191 4601 1261 4663 Dei.
1282 4603 1374 4674 Item,
1396 4602 1559 4680 AEgyptus
1576 4603 1778 4686 interpreta-

165 4697 379 4758 Penteoostes
395 4695 653 4772 diciturapcnte
666 4698 751 4774 quod
766 4698 920 4776 quinque,
977 4702 1031 4763 tur
1044 4699 1202 4769 tenebrae,
1224 4701 1257 4760 et
1278 4699 1430 4775 designat
1449 4700 1617 4772 saeculum,
1639 4716 1704 4762 non
1721 4718 1776 4764 se·

123 4795 158 4855 et
176 4796 280 4868 coste,
298 4795 382 4872 quod
405 4793 455 4858 est
480 4795 618 4856 decima.
640 4794 699 4856 Vel
718 4796 923 4870 penteconta
977 4798 1119 4859 cundum
1132 4797 1195 4858 boc
1210 4796 1295 4875 quod
1310 4796 1461 4858 homines
1475 4796 1592 4860 vivunt
1605 4797 1641 4858 in
1654 4814 1704 4871 eo,
1717 4799 1774 4862 sed

124 4908 245 4968 graece,
271 4890 428 4954 hebraice
451 4897 610 4964 censebo,
635 4892 737 4954 latine
758 4893 924 4970 interpre-
977 4894 1156 4956 seeundum
1171 4893 1234 4955 boc
1247 4893 1332 4970 quod
1348 4893 1468 4955 dehent
1481 4894 1605 4967 vivere,
1620 4895 1775 4974 quianon

124 4991 214 5052 tatur
226 4990 476 5068 quinquaginta,
491 4990 578 5051 unde
597 4991 790 5052 Pentecoste
815 4991 921 5052 sonat.
976 4992 1092 5052 vivunt
1106 4991 1286 5052 secundum
1302 4993 1416 5063 Deum,
1439 4990 1495 5052 sed
1515 4991 1632 5054 vivunt
1652 5009 1775 5056 secun·

124 5087 263 5149 Videtur
278 5104 357 5164 ergo
376 5087 484 5165 potius
499 5087 602 5150 luisse
622 5087 816 5150 dicendum:
838 5092 923 5151 Crem
976 5090 1054 5152 dum
1068 5105 1214 5153 carnem.
1231 5088 1314 5161 Quid
1329 5088 1419 5150 enim
1436 5089 1567 5161 caecius,
1588 5092 1666 5167 quid
1681 5094 1776 5154 tene-

124 5187 339 5261 incoepernnt
359 5189 431 5247 dies
454 5187 688 5248 Pentecostes.
713 5187 776 5247 Sed
801 5188 923 5249 Pente-
976 5187 1110 5250 hrosius
1125 5203 1237 5260 carne,
1255 5203 1328 5266 quae
1343 5186 1409 5247 nisi
1424 5187 1552 5248 ratione
1564 5187 1773 5262 refraenatur,

124 5284 214 5345 coste
239 5283 444 5362 aequivocum
462 5285 511 5345 est
531 5283 572 5344 ad
588 5283 866 5362 quinquagenam,
890 5285 922 5346 et
977 5285 1096 5362 quaerit
1116 5300 1246 5362 semper
1265 5283 1484 5356 delectabilia,
1505 5300 1684 5362 numquam
1704 5288 1774 5348 uti-

123 5381 374 5458 quinqnaginta,
400 5381 478 5459 quia
500 5381 557 5442 illa
582 5381 653 5443 dies
673 5382 744 5443 erat
758 5383 923 5460 quinqua·
976 5383 1092 5444 liatEt
1108 5382 1265 5444 debemus
1280 5381 1329 5441 ire
1341 5381 1376 5442 in
1397 5380 1576 5444 desertum.
1599 5386 1773 5446 Desertum

122 5478 251 5554 gesima
267 5494 286 5538 a
301 5479 544 5540 resurrectione
561 5479 704 5539 Domini.
721 5479 760 5540 Et
774 5479 852 5540 tunc
863 5496 923 5541 ve·
977 5479 1143 5556 significat
1153 5478 1256 5539 vitam
1271 5477 1489 5554 spiritualem,
1511 5495 1619 5555 quam,
1637 5482 1773 5557 accepta

123 5574 173 5637 nit
189 5574 332 5651 Spiritus
355 5575 506 5647 Sanctus,
526 5575 602 5653 quia
616 5577 687 5653 ipse
702 5579 752 5639 est
766 5577 920 5638 remissio
975 5575 1131 5656 baptismi
1153 5574 1273 5652 gratia,
1299 5590 1399 5652 agere
1420 5575 1586 5638 debemus
1608 5578 1686 5649 Quae
1704 5578 1772 5642 vite

122 5673 272 5734 omniurn
288 5675 508 5750 peccatorum.
526 5677 638 5740 Annus
649 5675 737 5735 enirn
757 5675 922 5754 quinqua·
976 5676 1064 5739 recte
1080 5674 1200 5736 dicitur
1212 5672 1390 5741 desertum,
1402 5673 1478 5749 quia
1492 5689 1510 5734 a
1524 5671 1635 5736 multis
1646 5663 1774 5738 desert·-
