3988 6302
891 439 1067 504 HONORII
1090 443 1134 506 Ill
1156 441 1305 504 OPERA.
1849 435 1898 496 258

463 697 618 758 Antbion.
634 698 811 774 Episcopo.
828 693 877 777 (a)

572 871 708 930 CAPUT
731 871 770 932 ll.

313 1009 363 1070 Ex
377 1009 496 1072 litteris
512 1010 633 1072 nobilis
646 1009 765 1092 siritii)
774 1011 906 1074 Pontivi
920 1013 953 1074 et
965 1013 1072 1072 Mons-

274 1108 403 1169 trolien.
418 1109 547 1171 comitis
572 1109 815 1184 intelleximus,
837 1109 1072 1188 quodquidam

272 1203 343 1265 solo
366 1204 499 1266 nomine
526 1205 639 1267 clerici
656 1208 754 1268 terrae
768 1222 837 1268 suu
853 1203 912 1284 (c),
927 1206 1071 1274 uxorati,

272 1303 430 1374 usurarii,
448 1304 479 1364 et
494 1303 686 1374 tabernarii,
705 1303 940 1365 ecclesiasticis
953 1303 1072 1380 quibus

272 1415 388 1461 carere
403 1400 522 1462 debent
531 1401 701 1462 beneficiis
715 1417 780 1462 non
794 1401 950 1474 contenti,
963 1401 1072 1478 potius

273 1496 401 1559 illicitis
419 1499 625 1560 secularibus
638 1498 929 1575 negotiationibus,
937 1501 970 1560 et
983 1499 1072 1559 curis

273 1595 473 1666 domesticis,
491 1613 589 1674 quam
605 1597 723 1658 ciliciis
739 1599 771 1658 et
786 1597 952 1674 obsequiis
965 1597 1074 1658 eccle-

273 1694 398 1754 siarum
411 1695 605 1770 intendunt3
627 1697 659 1757 et
677 1695 822 1771 gaudere
836 1696 984 1758 volentes
998 1694 1071 1771 pri-

273 1791 394 1868 t'ilegio
428 1792 586 1862 clericali,
622 1794 741 1854 nolunt
773 1793 904 1855 statutis
937 1793 1070 1872 patriae,

273 1889 391 1965 quibus
413 1891 566 1967 quotiens
581 1891 716 1968 expedit
736 1891 821 1952 sicut
836 1891 914 1952 laici
928 1908 963 1952 se
975 1892 1073 1952 tuen-

272 1988 336 2059 tur,
352 1989 452 2049 etiam
472 1989 507 2048 in
527 1989 788 2064 negotiationum
805 2005 942 2050 suarum
964 2005 1074 2066 quaes-

272 2084 360 2146 tibus
375 2085 558 2163 subjacere.
574 2087 667 2148 Unde
685 2087 763 2164 quia
781 2101 937 2162 magnum
952 2103 994 2148 ex
1010 2085 1072 2148 boe

273 2183 465 2244 scandalum
494 2184 582 2245 inter
610 2184 714 2246 laicos
750 2185 943 2260 generatur,
978 2184 1072 2246 nobis

274 2289 445 2350 humiliter
457 2291 666 2368 supplicavit,
683 2291 718 2352 ut
730 2291 782 2353 vel
795 2291 948 2368 compelli
962 2291 1074 2368 hujus·

273 2388 362 2448 modi
382 2387 521 2448 clericos
543 2389 583 2450 ad
604 2388 813 2450 serviendum
826 2388 988 2462 ecclesiis,
1005 2389 1075 2449 illi-

276 2485 350 2547 citis
369 2484 574 2547 secularibus
583 2486 861 2562 negotiationibus
870 2487 1071 2564 postpositis

274 2584 526 2661 mandarenms;
543 2585 595 2645 rel
615 2587 804 2661 pateremur
818 2599 876 2645 eos
893 2585 999 2662 quoad
1020 2584 1074 2646 la-

274 2681 413 2744 cultates
438 2697 564 2755 eorum,
579 2682 711 2744 statutis
726 2685 759 2744 et
780 2682 1074 2744 consuetudinibus

160 2861 162 2866 Δ
273 2781 389 2856 patrias
411 2779 593 2858 subjacere.
617 2783 722 2852 Quum
737 2795 816 2856 ergo
833 2781 1021 2858 supradicta
1037 2780 1072 2840 iu

274 2877 439 2939 clericalis
484 2879 610 2940 ordinis
647 2879 848 2956 vituperium
887 2878 1075 2940 redundare

274 2979 467 3048 noscantur,
482 2977 515 3038 et
532 2977 730 3038 clericorum
747 2975 815 3038 rita
831 2991 993 3051 generare
1008 2993 1074 3037 nen

274 3071 392 3134 debeat
411 3073 605 3134 scandalum
626 3073 734 3142 laicis,
751 3073 807 3134 sed
831 3075 990 3150 praestare
1014 3073 1077 3134 bo-

275 3171 413 3232 nestatis
437 3171 639 3250 exemplum,
666 3171 687 3232 i.
710 3172 734 3233 t.
756 3171 961 3246 mandamus,
990 3189 1076 3250 qua-

274 3271 384 3341 tenns
398 3269 427 3329 si
438 3270 488 3330 est
497 3269 555 3342 ita,
572 3286 671 3347 quum
684 3269 749 3331 loci
762 3270 968 3332 dioecesanus
981 3271 1075 3333 exia-

274 3367 338 3436 tas,
353 3367 492 3430 clericos
515 3368 600 3429 tales
622 3367 651 3428 si
674 3367 772 3430 tertio
794 3369 910 3430 moniti
929 3383 949 3429 a
968 3370 1000 3431 te
1020 3385 1077 3431 ec-

277 3465 389 3527 clesiis
423 3466 551 3527 servire
584 3466 856 3545 contempserint,
886 3467 1076 3544 hujusmodi

277 3563 557 3640 negotiationibus
591 3564 841 3644 praetermissis,
864 3581 963 3642 quum
989 3564 1075 3628 iacto

280 3819 710 3974 sttttttttttttrttt
723 3817 1078 3974 ttttltbtlttttt:

280 3964 460 4020 instauratori
486 3977 603 4035 inmens
628 3963 757 4020 ecclesias
784 3962 1004 4027 ambianensis,
1029 3977 1077 4033 qur

279 4033 350 4090 vixit
364 4047 454 4105 usqne
467 4033 502 4090 ad
517 4047 624 4091 annum
641 4034 719 4092 1²23.
736 4035 797 4092 lloc
812 4047 909 4092 varum
926 4040 970 4090 est
984 4033 1008 4090 sl
1023 4031 1079 4090 boc

280 4104 448 4176 rescriptum
459 4105 555 4162 datum
565 4103 616 4161 luit
624 4104 722 4177 primis
732 4113 841 4178 septem
853 4106 936 4162 annis
948 4103 1076 4173 bonerii,

280 4174 331 4258 sed
344 4177 369 4258 si
380 4175 468 4233 tribus
481 4177 641 4248 postremis,
653 4175 784 4260 dirigitur
796 4175 921 4258 delirido
931 4176 1077 4303 delingle,

280 4246 1031 4391 tttlltltttttttttittltbtlttltllt¹²
1054 4261 1076 4302 ¹'

318 4403 358 4478 (b)
374 4407 489 4464 Pontini
504 4413 529 4464 et
544 4407 769 4463 Monstratiensis
788 4407 905 4463 ceordic.
925 4407 970 4464 Sic
989 4406 1076 4463 corri-

280 4478 369 4550 gendi
384 4479 461 4535 ltss.
479 4479 625 4546 Pontbieu,
638 4481 663 4533 et
678 4479 843 4534 liloostreil.
863 4478 972 4535 Nubilis
987 4477 1077 4533 comi·

281 4557 357 4606 tatus
379 4563 429 4621 pro
449 4563 506 4622 qno
520 4553 604 4604 toties
618 4547 793 4605 decertatum
817 4549 890 4604 inter
905 4551 1029 4605 Francos
1052 4555 1079 4604 et

281 4621 406 4746 buflos,
430 4619 483 4675 sub
507 4635 538 4675 se
560 4618 670 4675 liabens
691 4626 811 4690 quatuor
833 4619 959 4676 celebres
981 4619 1077 4688 urbes,

280 4690 516 4756 Abratisvillam,
538 4691 744 4758 llonstrolium,
758 4691 909 4762 Pequipop,
926 4695 952 4748 et
967 4691 1055 4762 Creop
1072 4707 1078 4746 :

281 4761 324 4816 sic
343 4761 435 4818 dietus
457 4775 473 4818 a
496 4759 674 4818 multitudine
692 4761 821 4833 pontium
845 4775 930 4834 super
951 4761 1031 4819 lacus
1052 4768 1081 4819 et

283 4831 401 4904 paludes
417 4830 580 4903 trequentes
593 4833 621 4888 in
637 4831 713 4888 dicto
727 4832 873 4888 comitatu.

319 4919 356 4994 (c)
381 4921 510 4978 escoron.
534 4922 615 4978 llanc
633 4933 736 4976 vocem
759 4920 936 4977 llaimuudus
957 4922 1078 4989 sustulit,

282 5007 368 5066 quarn
384 4999 479 5049 tmnen
494 4992 607 5048 invenio
618 4991 647 5048 in
659 4990 748 5047 tribus
763 4993 840 5048 MSS.
855 5005 887 5048 ea
901 4992 1079 5064 potissimum

282 5065 393 5192 metitis?
417 5061 493 5136 quod
514 5077 567 5120 suo
591 5065 653 5120 loco
679 5060 767 5132 inira,
788 5063 829 5119 tit.
854 5075 935 5134 sequ.
965 5063 1001 5120 de
1026 5063 1081 5120 illis

302 5181 319 5208 Β
390 5179 395 5192 .

324 5223 365 5297 (d)
390 5225 501 5281 Decurre
528 5228 554 5280 et
580 5222 703 5293 capitato
736 5221 966 5292 Contpostcllono.
994 5219 1082 5280 Sedes

283 5297 417 5352 Emerita*
429 5295 595 5367 metropolis
608 5295 760 5352 Lusitaniae
776 5293 980 5364 antiquissime
992 5302 1081 5351 trans·

283 5369 340 5424 lata
354 5366 404 5422 luit
424 5382 439 5424 a
453 5368 560 5426 Calixto
575 5369 598 5424 ll
615 5367 642 5422 iu
655 5365 914 5438 compostellanam
930 5365 1081 5422 ecclesiam

283 5438 336 5495 sub
358 5435 475 5494 Allonso
499 5439 560 5506 Vll,
576 5437 623 5508 qui
638 5435 730 5492 dictus
745 5434 796 5492 luit
811 5436 964 5508 imperator
978 5436 1083 5508 Hispa·

283 5509 349 5566 trite.
362 5507 434 5566 Vide
450 5509 619 5580 multiplices
629 5522 732 5564 causas
747 5507 832 5580 liujus
847 5507 1038 5563 translationis
1054 5509 1080 5562 in

284 5581 415 5638 Historia
433 5581 599 5651 Hispanico,
617 5577 769 5647 aemilii,
790 5591 865 5635 anno
880 5577 982 5636 Christi
1003 5577 1080 5635 itit.

321 5668 358 5740 (e)
388 5668 484 5724 darton
508 5669 571 5723 litto
596 5667 746 5725 sententio.
772 5665 927 5726 Concilium
953 5665 1084 5739 intelligit

286 5741 479 5796 lateranense
498 5753 562 5811 cap.
583 5741 627 5808 tt,
645 5739 698 5796 sub
713 5737 880 5797 Innocentio
900 5738 955 5804 ΙΙΙ,
972 5751 1005 5793 ex
1028 5751 1084 5809 quo

286 5811 429 5867 llonorius
444 5809 543 5868 eadem
559 5809 618 5869 lure
634 5811 719 5870 verba
737 5807 906 5883 desumpsit,
922 5814 950 5866 ot
965 5807 1084 5866 retertur

1127 571 1314 654 hujusmodi
1341 568 1551 648 privilegium
1575 565 1734 645 athclant
1757 566 1904 640 clericale,

1127 672 1303 753 quominus
1319 669 1358 730 de
1378 668 1448 728 suis
1472 665 1683 730 facultatibus
1707 665 1785 727 dum
1810 665 1858 726 bis
1877 685 1905 729 se

1127 759 1308 848 implicant,
1321 767 1452 830 statutis
1463 767 1495 828 et
1505 763 1796 827 consuetudinibus
1806 765 1905 842 patria

1128 868 1330 947 subjaceant,
1345 881 1410 927 non
1426 863 1595 926 delendas.

1166 1153 1313 1220 Dceono,
1329 1149 1363 1209 et
1377 1148 1524 1222 capati-telo
1539 1146 1817 1220 Contpostcttouo.
1832 1141 1876 1222 (d)

1418 1403 1554 1464 CAPUT
1576 1403 1632 1462 111.

1168 1609 1204 1671 Si
1224 1609 1386 1686 diligenti,
1411 1611 1444 1671 et
1468 1611 1573 1684 triste.
1598 1605 1683 1669 Illud
1708 1607 1819 1668 autem
1837 1605 1906 1682 quod

1128 1695 1168 1770 de
1192 1707 1308 1769 babitu
1330 1708 1528 1770 clericorum
1550 1707 1584 1768 in
1610 1705 1761 1784 generali
1777 1704 1906 1766 Concilio

1126 1806 1194 1867 tam
1208 1807 1409 1882 generaliter
1424 1807 1475 1867 est
1489 1807 1663 1876 statutum,
1680 1803 1743 1865 luit
1753 1801 1907 1863 frustratu

1128 1905 1370 1966 consultatione
1394 1903 1585 1977 deductum,
1602 1918 1702 1979 quum
1723 1897 1908 1962 satiaveris

1128 2001 1195 2062 sint
1210 2001 1335 2078 liquida
1348 2002 1380 2062 et
1397 2017 1457 2062 nos
1471 2017 1510 2062 ea
1525 2000 1679 2061 nolumus
1695 2013 1758 2059 sua
1773 1997 1909 2058 firmitate

1128 2115 1253 2160 carere.
1269 2099 1488 2160 consuluistis
1507 2097 1641 2160 tandem
1654 2097 1694 2157 de
1710 2094 1851 2166 clericis,
1865 2093 1908 2170 qui

1128 2196 1221 2258 ebori
1235 2197 1404 2258 silentium
1416 2196 1580 2273 fugientes
1590 2193 1770 2257 intendunt
1782 2192 1909 2254 externis

1128 2293 1401 2357 collocutionibus
1416 2294 1589 2366 laicorum,
1613 2293 1758 2370 dumque
1779 2290 1908 2352 auditum

1129 2393 1168 2453 ad
1185 2391 1348 2454 indebitos
1364 2408 1533 2454 sermones
1555 2390 1731 2453 effundunt
1754 2405 1849 2450 aures
1869 2388 1910 2446 in-

1129 2493 1249 2562 tentaS,
1263 2507 1329 2552 non
1347 2491 1521 2568 porrigunt
1544 2489 1585 2550 ad
1610 2488 1737 2560 divina,
1754 2487 1785 2548 si
1798 2485 1868 2563 quid
1879 2485 1910 2545 de

1129 2588 1251 2650 talibus
1270 2588 1305 2648 in
1326 2587 1441 2650 eodem
1464 2587 1605 2648 concilio
1629 2585 1910 2648 nosciturinstitu·

1128 2689 1198 2747 turn
1223 2683 1270 2766 (c)
1292 2702 1399 2747 canon
1414 2685 1566 2747 luitlatae
1592 2684 1780 2754 sententiae,
1800 2682 1850 2744 sel
1872 2681 1911 2742 le-

1130 2783 1241 2846 rendae
1272 2805 1279 2844 :
1309 2783 1349 2845 ad
1384 2783 1471 2860 quod
1501 2781 1647 2844 breviter
1678 2779 1909 2858 respondemus.

1130 2880 1215 2959 quod
1236 2898 1366 2958 posnam
1392 2881 1451 2941 illa
1480 2881 1672 2942 constitutio
1699 2895 1768 2940 non
1795 2877 1909 2952 infligit,

1130 2979 1188 3040 sed
1200 2979 1311 3056 potius
1324 2979 1545 3041 comminatur
1557 2979 1590 3040 et
1604 2975 1764 3054 exprimit
1775 2975 1911 3050 infligan-

1130 3077 1221 3149 darn,
1243 3092 1316 3154 quae
1339 3075 1458 3138 merito
1480 3075 1521 3137 ad
1545 3075 1623 3136 illos
1648 3074 1847 3140 extenditur,
1867 3070 1910 3148 qui

1129 3175 1280 3252 quamvis
1290 3175 1325 3235 in
1337 3174 1437 3235 choro
1449 3175 1536 3234 inter
1547 3171 1757 3234 celebrantes
1772 3171 1910 3235 existant,

1131 3271 1337 3334 sermonibus
1353 3276 1463 3334 tamen
1478 3271 1606 3333 illicitis
1622 3271 1656 3334 et
1670 3270 1805 3346 linguas
1818 3270 1848 3330 et
1860 3283 1910 3328 au-

1130 3387 1185 3433 res
1202 3370 1387 3442 involvunt,
1408 3387 1509 3447 quum
1528 3385 1594 3430 non
1613 3369 1720 3430 solum
1744 3368 1781 3430 in
1799 3364 1912 3442 seipsis

1131 3468 1311 3544 offendant,
1324 3468 1380 3530 sed
1395 3467 1495 3530 etiam
1508 3467 1587 3529 aliis
1599 3464 1834 3545 impedimento
1846 3463 1911 3525 tales

1132 3565 1290 3629 existant.

1131 3819 1215 3889 inira,
1231 3821 1273 3877 tlt.
1299 3821 1337 3876 lle
1360 3818 1489 3876 elatrat.
1514 3819 1641 3886 mittier,
1657 3831 1713 3892 quo
1738 3814 1873 3874 silentium
1891 3809 1911 3866 in

1132 3891 1236 3947 divinis
1250 3889 1352 3948 ollloiis
1366 3888 1450 3948 valde
1465 3887 1710 3947 commendatore
1727 3887 1843 3946 Nicolao
1856 3886 1875 3965 l,
1885 3878 1913 3936 ad

1132 3963 1260 4020 consulta
1272 3961 1459 4034 bulgarorum
1472 3975 1496 4018 c.
1513 3960 1564 4032 743
1579 3962 1684 4035 saepius
1696 3967 1793 4018 tamen
1808 3964 1912 4014 matina

1132 4033 1224 4090 cultus
1240 4032 1329 4088 divini
1342 4041 1370 4090 et
1385 4033 1545 4089 animarum
1558 4031 1708 4103 dispendio
1719 4027 1910 4102 contemuituti

1133 4101 1208 4175 quod
1225 4109 1319 4160 tamen
1334 4118 1420 4174 quarn
1436 4103 1593 4160 maximum
1610 4116 1675 4160 esse
1694 4101 1799 4159 debeat
1817 4100 1913 4155 bouem

1133 4182 1161 4231 et
1184 4175 1351 4231 reverentia
1374 4181 1574 4247 argumentum
1594 4173 1739 4246 colligitur
1751 4184 1840 4238 exeo,
1854 4161 1912 4238 quod

1133 4259 1309 4328 quaecunque
1331 4243 1367 4301 de
1393 4244 1448 4301 lide
1469 4245 1514 4302 vel
1540 4242 1644 4300 divinis
1670 4241 1839 4322 ceremoniis
1861 4249 1911 4320 era·

1133 4323 1235 4378 tronea.
1249 4317 1293 4372 vel
1306 4321 1443 4374 tractatus
1458 4315 1573 4384 nebant,
1588 4313 1758 4372 dicebantur
1776 4313 1911 4370 Sdemtou.

1133 4386 1318 4460 bardulphus
1333 4389 1406 4444 Saxo
1421 4387 1450 4442 in
1466 4388 1564 4454 Leone,
1578 4387 1723 4442 sitentium
1740 4389 1837 4443 comeo
1848 4391 1912 4437 soac-

1133 4463 1178 4515 toa
1199 4473 1232 4514 oo
1250 4457 1421 4514 venerabilia
1439 4457 1589 4514 celebrauit
1609 4458 1714 4526 monos,
1731 4464 1761 4513 et
1775 4451 1845 4528 apud
1858 4451 1911 4507 tire·

1134 4529 1246 4602 goriam
1276 4535 1374 4586 contra
1400 4527 1583 4585 llerbannum
1607 4527 1752 4596 iudaeum,
1765 4526 1911 4606 saepsisse-tr

1134 4611 1148 4660 ὁ
1158 4608 1278 4668 taetitia,
1288 4608 1329 4658 καὶ
1337 4607 1430 4668 διελύθη
1437 4608 1466 4657 τὸ
1475 4608 1601 4668 σιλέντιον,
1608 4597 1636 4656 id
1647 4606 1700 4668 esi,
1708 4599 1833 4656 surrexit
1843 4593 1912 4662 pior

1134 4687 1196 4737 rec,
1212 4675 1237 4726 et
1251 4670 1396 4727 sitentium
1414 4675 1532 4740 ruptum
1543 4674 1592 4728 est.
1607 4669 1686 4728 Idem
1702 4677 1730 4726 et
1747 4667 1819 4742 apud
1833 4666 1910 4746 ,Zaut-

1135 4756 1196 4798 ram
1210 4741 1238 4796 in
1249 4743 1346 4808 Leone,
1364 4741 1489 4810 Nicetas,
1503 4740 1551 4798 lib.
1569 4743 1633 4812 Vll,
1648 4755 1735 4814 quum
1746 4740 1782 4796 de
1792 4736 1912 4808 religiosis

1135 4813 1254 4870 institut.
1271 4813 1404 4884 loquitur,
1419 4823 1460 4878 οὓς
1476 4821 1535 4885 pte
1549 4822 1664 4871 σιλέντια.
1681 4810 1752 4868 lude
1766 4811 1848 4889 edant
1867 4801 1910 4882 lat-

1136 4890 1195 4940 tum
1213 4892 1256 4940 est
1270 4890 1300 4940 ut
1315 4884 1503 4954 imperatores
1517 4897 1567 4940 sua
1584 4882 1698 4941 decreta
1713 4889 1743 4939 et
1755 4881 1911 4938 censatum·

1135 4968 1188 5011 nes
1201 4955 1316 5010 allectio
1335 4960 1480 5021 vocarent,
1496 4953 1571 5026 quod
1583 4955 1646 5010 sine
1659 4951 1881 5012 contradictione,
1892 4947 1913 5023 tl

1136 5039 1201 5082 corn
1216 5024 1329 5080 silentia
1350 5023 1512 5096 recipienda
1529 5033 1626 5083 essent
1637 5025 1722 5097 apud,
1733 5021 1880 5083 cedrenum
1892 5025 1912 5068 tt

1136 5095 1301 5152 Alexandro
1328 5097 1428 5152 Leonis
1455 5097 1564 5168 fratre,
1590 5105 1709 5155 σιλεντῑου
1734 5101 1859 5167 γενομένου
1879 5093 1911 5148 ab

1138 5175 1343 5238 temptauerit
1362 5193 1411 5225 ecta
1430 5176 1576 5236 tractatoriae,
1596 5165 1625 5222 ld
1646 5175 1704 5236 est,
1727 5157 1912 5242 silentiosattt

1138 5237 1324 5310 liotltpmium
1366 5238 1470 5307 posuit.
1486 5238 1540 5306 Qui
1561 5237 1616 5294 loci
1632 5252 1648 5294 a
1666 5237 1789 5296 bieursio
1804 5223 1911 5289 anirnad·

1138 5309 1224 5377 versi,
1243 5307 1295 5364 sed
1314 5321 1371 5364 uon
1392 5321 1459 5364 vero
1481 5322 1577 5365 sensu.
1599 5310 1658 5366 llos
1672 5323 1772 5364 omnes
1787 5305 1851 5361 ritus
1865 5310 1910 5354 res·

1138 5379 1251 5452 pexisse
1272 5379 1366 5435 locum
1394 5378 1499 5436 Psalmi
1519 5379 1554 5435 tt
1573 5379 1642 5436 mibi
1665 5379 1746 5436 laeile
1766 5367 1912 5450 persuadet,

1138 5449 1186 5507 ubi
1206 5447 1296 5507 David
1311 5449 1470 5506 orationem
1495 5451 1524 5506 in
1548 5451 1654 5522 templo
1670 5449 1773 5508 l'aetam
1791 5447 1913 5503 silemus

1137 5528 1241 5578 vocat:
1257 5535 1324 5576 narn
1335 5521 1383 5577 ubi
1394 5520 1611 5593 versiovulgata
1626 5522 1715 5594 ponit,
1731 5522 1764 5576 Ti
1776 5513 1912 5582 temtem-

1137 5609 1192 5649 nus
1212 5593 1288 5649 Deua
1313 5591 1345 5648 in
1372 5593 1449 5660 Sion,
1467 5590 1638 5649 Hebraicum
1665 5591 1808 5664 exemplar
1829 5583 1911 5641 babel,

1141 5663 1201 5720 l'ioi
1214 5663 1359 5720 silentium
1370 5667 1410 5720 est
1424 5663 1500 5719 Deus
1512 5663 1543 5720 in
1557 5663 1623 5722 Sion
1640 5663 1680 5739 (in
1691 5677 1748 5736 quo
1760 5665 1848 5718 monte
1860 5661 1913 5710 tcu-

1139 5735 1287 5807 plumerat
1299 5731 1498 5809 exstructum.)
