4122 6308
131 327 188 389 919
577 315 621 382 ΙΝ
636 315 766 382 Fusio
787 317 1089 381 PENTEGOSTES.
1114 319 1254 382 SERMO
1277 321 1317 382 11.
1712 327 1775 396 950
1884 369 1885 372 ,

129 499 240 546 sermo
269 483 342 558 ejus
357 497 386 542 ».
414 475 452 542 st
479 476 638 542 Dominus
661 478 696 539 in
718 477 922 554 Evangelio:
1021 480 1123 540 Orare
1141 478 1272 551 dicitur,
1290 479 1369 556 qula
1384 478 1464 542 iacit
1484 495 1544 544 nos
1564 497 1676 560 orare;
1696 501 1778 546 con-

128 582 304 655 specius,
321 582 378 642 ubi
401 578 487 649 vuit,
510 576 637 652 spirat,
663 577 698 637 ei
717 590 835 638 vocem
853 578 928 648 ejus
981 576 1105 638 solator
1119 576 1250 649 dicitur,
1267 577 1345 654 quia
1361 578 1777 644 consolaturnosinomni

128 681 242 750 00010,
257 679 318 740 scd
331 679 453 747 nescis,
468 678 557 736 unde
569 674 697 746 veniat,
712 673 774 736 aut
788 689 853 748 quo
865 688 928 734 00-
980 672 1193 734 tribulatione
1206 676 1330 735 nostra.
1345 676 1551 752 Quamquam
1563 677 1632 749 ille,
1647 679 1704 754 qui
1719 694 1776 740 eos

128 778 189 836 dut
209 773 318 853 (Joan.
340 789 391 845 111,
413 771 465 851 8);
490 771 567 848 quia
589 771 787 846 glorificatio
807 769 927 830 divinae
982 769 1149 831 consolari
1177 770 1318 842 solebat,
1344 787 1411 832 non
1436 773 1578 850 amplius
1606 775 1694 836 inter
1721 791 1778 836 eos

129 871 316 950 majestatis
333 885 453 945 magna
473 869 595 930 virtute
614 883 650 930 se
669 866 874 928 diffundebat
891 866 926 927 in
981 867 1198 942 corporaliter
1216 868 1410 930 conversari
1429 868 1588 939 habebat,
1609 875 1780 936 verumta-

128 975 257 1032 omues.
275 967 374 1030 Nulla
385 966 473 1026 enim
484 965 530 1026 ibi
539 961 613 1027 era't
624 963 818 1039 indigentia,
833 963 927 1024 nulla
982 979 1068 1034 meu,
1083 964 1233 1040 quamvis
1244 965 1424 1027 secuudum
1437 967 1678 1030 humanitatem
1691 971 1779 1032 inter

128 1061 923 1139 molestia,ubiomniareplebatdivinamajestas.
981 1075 1039 1122 eos
1062 1075 1129 1121 uon
1148 1061 1231 1134 erat,
1252 1061 1364 1124 tamen
1384 1064 1565 1126 secundum
1584 1066 1778 1129 humanita-

169 1163 323 1238 Quinque
332 1160 410 1222 sunt
420 1175 494 1237 quae
504 1159 546 1220 de
560 1158 685 1235 Spiritu
699 1159 818 1220 Sancto
832 1173 927 1218 sacra
980 1159 1047 1219 tem
1061 1158 1103 1219 ab
1118 1157 1167 1219 eis
1182 1174 1248 1222 non
1263 1159 1447 1227 recedebat.
1472 1164 1565 1224 Unde
1579 1164 1651 1242 ipse
1668 1165 1715 1226 ait
1736 1165 1778 1226 ad

126 1260 270 1322 testatur
293 1257 480 1335 Scriptura;
506 1256 646 1318 testatur
674 1271 818 1332 namque
841 1254 926 1331 quod
981 1267 1038 1316 eos
1054 1276 1061 1314 ε
1077 1259 1157 1318 Non
1178 1272 1238 1319 cos
1259 1262 1452 1332 relinquam
1466 1265 1639 1334 orphanos
1660 1259 1775 1340 (Joan.

126 1355 291 1434 procedit,
308 1355 424 1432 spirat,
437 1352 613 1425 inhabitat,
626 1353 743 1429 replet,
760 1351 793 1413 et
806 1351 928 1428 glorili·
980 1368 1050 1427 xrv,
1070 1351 1134 1432 18).
1152 1355 1283 1416 etitem
1302 1377 1309 1415 ι
1333 1359 1419 1418 Ecca
1434 1371 1495 1433 epo
1510 1361 1682 1420 vobiscum
1700 1373 1778 1420 sum

124 1457 193 1516 cat.
208 1452 395 1516 Procedere
405 1450 532 1512 duobus
545 1450 651 1512 modis
665 1449 807 1512 dicitur:
825 1449 923 1522 uude,
982 1455 1136 1513 omatibus
1150 1455 1268 1513 dicbus
1279 1453 1440 1526 usquead
1452 1456 1780 1518 crnmcmmctioucm

125 1548 926 1628 0100ος0010,οΡ010001111110;0000100οι100
980 1547 1241 1638 10001111101111.
1258 1565 1377 1622 xxvnr,
1397 1549 1463 1629 20).

125 1649 162 1710 et
194 1647 468 1709 sanctificandum
490 1648 686 1708 creaturam.
715 1645 926 1707 Procedendo
1021 1646 1132 1707 Fortis
1152 1648 1212 1715 est,
1238 1647 1316 1723 quia
1338 1648 1409 1724 ipse
1433 1648 1580 1710 continet
1601 1649 1724 1721 omnia,
1747 1649 1780 1710 et

126 1744 346 1821 praedestinat
365 1759 446 1822 quos
463 1743 504 1804 ab
520 1743 644 1804 aeterno
664 1741 831 1819 cognorit3
856 1741 927 1817 spi·
982 1743 1153 1818 gubernat.
1175 1743 1268 1805 Unde
1281 1745 1317 1804 iu
1332 1744 1418 1805 libro
1435 1745 1639 1821 Sapientiae:
1661 1750 1782 1820 spire,

126 1841 248 1913 raudo,
276 1842 374 1903 vocat
399 1856 482 1917 quos
507 1839 778 1918 praedestinavit3
794 1837 928 1899 inhabi-
983 1841 1038 1901 ius
1056 1843 1195 1902 Domini
1216 1843 1360 1914 repleuit
1382 1845 1499 1903 orbam
1524 1844 1721 1914 terrorum,
1745 1843 1780 1904 et

126 1938 247 2009 tando,
273 1937 437 2014 justificat
466 1952 549 2014 quos
576 1936 723 2010 vocarit,
750 1934 925 2012 replendo,
981 1939 1779 2011 1100000000011001010010,.101101100110011
1864 2009 1872 2024 ι

127 2035 250 2097 merita
270 2050 385 2097 eorum
403 2032 591 2096 accumulat
613 2048 696 2110 quos
711 2032 925 2110 iustificaut3
981 2037 1076 2095 vocis
1091 2032 1183 2112 (Sap.
1197 2050 1220 2105 1,
1236 2032 1282 2114 7).
1298 2035 1334 2096 Si
1346 2035 1482 2112 spiritus
1495 2035 1626 2096 Domini
1637 2037 1779 2112 repleuit

126 2131 348 2208 glorificando
360 2130 444 2192 ditat
458 2130 615 2210 proamita,
629 2146 712 2207 quos
727 2129 854 2191 meritis
869 2143 928 2190 ao-
981 2130 1095 2192 orbem
1110 2132 1286 2204 terrarum,
1306 2133 1428 2208 quanto
1446 2133 1552 2208 magis
1568 2132 1699 2209 replere
1716 2133 1777 2194 de-

126 2228 322 2290 cumularit.
349 2227 492 2304 Spiritus
517 2227 572 2288 ubi
596 2227 677 2298 vult,
701 2226 823 2303 spirat;
849 2227 927 2303 quia
982 2227 1037 2290 bet
1050 2245 1191 2305 regnum
1206 2228 1385 2290 coeloruml
1398 2230 1516 2291 111100
1530 2231 1780 2304 quodcontinet

129 2326 219 2387 sicut
230 2325 312 2387 dicit
324 2325 501 2402 Apostolus
519 2345 526 2384 :
543 2327 606 2386 Cui
619 2325 705 2396 voit,
724 2325 925 2391 miseretur,
982 2328 1111 2386 omnic.
1138 2326 1201 2386 Hic
1223 2325 1419 2397 affirmatur,
1444 2326 1530 2402 quod
1557 2325 1602 2387 sit
1628 2326 1781 2403 omnipo-

127 2424 164 2482 ci
179 2437 281 2495 uicem
295 2424 366 2484 vuit
380 2423 522 2485 isidorot
536 2419 645 2500 (Rom.
658 2436 706 2492 rx,
719 2419 783 2500 18).
796 2419 836 2482 Et
850 2435 928 2481 nes-
973 2421 1071 2483 tens.
1098 2421 1250 2484 Profecto
1275 2438 1373 2495 vero,
1401 2423 1431 2482 si
1457 2423 1530 2483 sine
1555 2423 1628 2499 ipso
1654 2423 1778 2499 aliquid

128 2520 219 2580 citur
229 2518 315 2580 uude
330 2518 444 2580 veniat
457 2519 515 2580 illa
529 2518 736 2594 compunctio
748 2517 783 2578 in
799 2516 925 2589 ordine,
981 2519 1093 2594 posset
1107 2517 1297 2590 subsistere,
1315 2518 1517 2580 nullomodo
1531 2519 1699 2580 diceretur
1713 2535 1780 2580 om-

128 2615 184 2678 001
199 2616 235 2676 10
250 2615 360 2684 corde,
373 2616 432 2684 aut
442 2631 506 2692 quo
516 2614 618 2676 vadat
628 2615 664 2676 iu
678 2613 925 2690 praedicatione.
982 2614 1037 2678 nia
1054 2615 1235 2676 continere.
1252 2616 1287 2676 Si
1299 2615 1410 2677 autem
1425 2615 1498 2676 siue
1511 2615 1585 2692 ipso
1604 2616 1688 2676 nihil
1703 2614 1778 2675 sub-

127 2713 299 2774 Multoties
324 2713 429 2780 enim,
455 2728 530 2774 cum
551 2712 651 2774 homo
675 2711 762 2783 orat,
789 2711 927 2774 conatur
981 2711 1100 2774 sistere
1120 2713 1238 2789 potest,
1259 2712 1406 2788 proiecto
1429 2711 1471 2773 ab
1491 2712 1562 2788 ipso
1582 2710 1683 2773 habet
1703 2727 1778 2773 esse

129 2809 310 2886 plurimum
324 2810 360 2871 ut
374 2809 493 2871 babeat
507 2809 804 2885 compunctionem,
819 2809 852 2870 et
865 2809 928 2870 ha·
982 2823 1079 2870 omne
1099 2808 1184 2885 quod
1211 2809 1272 2870 est.
1288 2812 1397 2885 equo
1417 2808 1519 2885 igitur
1547 2809 1597 2870 est
1629 2807 1776 2870 omnium

128 2905 208 2968 bere
230 2922 295 2968 nou
320 2905 637 2983 potestbliquoties
659 2905 771 2967 autem
794 2905 926 2967 eumad
981 2921 1072 2978 esse,
1097 2906 1226 2967 constat
1252 2905 1410 2968 nimirum
1432 2921 1508 2967 eum
1532 2905 1644 2966 omnia
1668 2921 1776 2983 posse.

128 3002 194 3064 hoc
215 3019 282 3064 non
305 3002 457 3074 intendit,
474 3003 553 3066 tunc
576 3001 762 3062 innascitur
776 3003 808 3063 ei
834 3017 927 3064 com·
981 3003 1064 3074 Quia
1088 3002 1200 3064 omnia
1224 3003 1411 3079 peripsum
1434 3002 1521 3064 iacta
1544 3003 1631 3075 sunt,
1649 3002 1682 3064 et
1705 3004 1778 3064 sine

129 3100 265 3176 punctio
280 3099 450 3174 iumenta.
466 3098 591 3162 Etideo
605 3099 753 3160 nescitur
767 3099 853 3160 unde
868 3114 928 3162 re-
980 3100 1054 3176 ipso
1078 3097 1202 3160 iactum
1226 3099 1400 3172 estnihil,
1426 3099 1541 3176 procul
1565 3098 1664 3160 dubio
1691 3101 1778 3160 Deus

127 3195 202 3258 niat
223 3196 258 3256 in
280 3196 412 3268 ordine,
433 3195 490 3257 aut
509 3210 573 3272 quo
595 3195 695 3258 radat
714 3195 749 3256 in
764 3195 927 3272 praedica·
981 3196 1042 3268 est,
1059 3196 1115 3273 qui
1130 3196 1241 3258 omnia
1261 3195 1376 3272 replet,
1399 3196 1511 3257 omnia
1531 3195 1779 3267 0001100100-

127 3294 232 3354 tione.
658 3305 659 3308 ’
980 3294 1037 3354 nia
1057 3294 1175 3370 potest,
1193 3292 1226 3354 et
1242 3294 1353 3354 omnia
1369 3294 1471 3355 uouit.
1493 3295 1549 3354 Sic
1566 3293 1656 3354 enim
1672 3293 1779 3369 scrip-

167 3389 284 3452 nffluit
305 3389 416 3466 itaque
436 3389 531 3452 uobis
555 3390 697 3466 Spiritus
720 3390 870 3460 Sanctus,
894 3389 926 3450 et
980 3391 1049 3450 tum
1065 3391 1116 3450 est
1134 3389 1174 3450 de
1195 3389 1277 3450 illo:
1302 3390 1456 3462 Spiritus
1467 3393 1607 3450 Domini
1631 3388 1778 3462 raptarit

127 3486 257 3558 defluit,
278 3486 415 3558 accedit,
436 3486 470 3548 et
490 3487 631 3559 recedit;
653 3485 758 3548 affluit
781 3485 822 3546 ad
842 3501 924 3546 nos·
978 3488 1096 3548 orbem
1117 3486 1309 3548 ,terrarum
1334 3487 1523 3546 solertium
1547 3487 1646 3547 babet
1669 3489 1743 3546 coci
1766 3529 1773 3555 ,

126 3576 224 3645 10001
239 3583 531 3660 justificationem,
562 3583 677 3644 defluit
703 3582 745 3643 ad
776 3583 925 3644 nostram
948 3583 949 3588 ’
978 3581 1074 3654 idest,
1092 3581 1191 3644 habet
1205 3582 1378 3644 scientiam
1390 3583 1538 3642 omnium
1552 3597 1682 3643 vocum.

126 3679 410 3754 humiliationem
428 3680 566 3752 accedit,
587 3682 624 3741 ut
643 3693 846 3753 crescamus3
866 3694 924 3742 re·
1022 3679 1177 3756 Sequitur
1192 3695 1210 3739 s
1225 3679 1264 3740 Et
1280 3693 1481 3741 convescens
1496 3679 1653 3755 praecepit
1667 3677 1716 3738 eis
1733 3693 1775 3739 ne

91 3783 97 3792 '
126 3776 228 3848 cedit,
241 3793 284 3842 ne
298 3777 540 3853 superbiamus,
552 3777 588 3838 ut
602 3792 791 3840 crescamus
806 3776 842 3836 in
856 3775 927 3838 viu-
980 3793 999 3836 s
1014 3776 1221 3840 discederent
1241 3775 1522 3853 abierosolymis,
1542 3775 1599 3837 sed
1621 3777 1781 3852 expecta·

126 3875 214 3946 tute,
242 3889 285 3934 ue
315 3874 546 3950 superbiamus
573 3873 614 3934 de
644 3873 767 3935 uirtute
792 3873 928 3949 propter
980 3875 1088 3934 «rent
1102 3873 1356 3960 promissionem
1368 3873 1488 3944 Patris,
1505 3889 1604 3949 quam
1622 3873 1775 3944 audistis,

127 3971 368 4033 abundantiam
386 3971 514 4046 gratiae.
531 3972 577 4030 De
591 3970 655 4032 isto
671 3985 807 4031 accessu
821 3969 854 4030 et
868 3985 925 4030 re·
979 3985 998 4028 s
1014 3968 1130 4044 inquit,
1154 3963 1271 4044 peres
1291 3983 1400 4028 meum
1412 3990 1421 4042 ;
1435 3968 1513 4044 quia
1527 3970 1674 4030 loannes
1698 3967 1776 4044 qui·

126 4086 226 4130 cassu
244 4067 307 4130 Job
329 4089 336 4128 :
355 4070 395 4130 Si
414 4068 550 4130 cenarit
570 4070 614 4128 cd
635 4082 700 4138 uae,
722 4081 790 4128 000
809 4069 925 4130 videbo
979 4065 1084 4125 «dem
1105 4063 1284 4140 baptizavit
1303 4079 1390 4143 aqua
1409 4079 1469 4126 ros
1490 4065 1601 4126 autem
1625 4063 1778 4140 baptiza·

126 4182 226 4238 citou
240 4167 286 4237 et,
300 4169 332 4226 si
345 4165 480 4237 abierit,
496 4165 764 4239 subintelligam
776 4161 862 4242 (lob.
877 4178 922 4235 rx,
979 4178 998 4221 ‹
1012 4161 1131 4222 bimini
1144 4161 1270 4237 Spiritu
1283 4161 1403 4222 Sancto
1415 4176 1481 4222 non
1496 4161 1570 4237 post
1583 4160 1704 4222 multos
1716 4160 1778 4221 hos

128 4261 193 4341 11).
220 4265 267 4324 De
282 4261 346 4323 isto
372 4262 497 4338 Spiritu
520 4261 642 4336 legitur
662 4261 698 4322 in
722 4260 923 4336 Evangelio:
980 4258 1095 4320 «dies.
1112 4274 1130 4318 s
1145 4255 1230 4337 (Aet.
1247 4271 1270 4330 1,
1287 4255 1334 4335 4.)
1356 4260 1439 4320 Ecce
1462 4258 1679 4334 promissum:
1698 4261 1779 4319 Nisi

126 4360 330 4422 Paraciitus
347 4359 499 4431 Spiritus
513 4359 674 4429 Sanctus,
695 4371 795 4430 oriem
812 4357 926 4418 mittet
980 4371 1041 4432 epo
1055 4358 1181 4428 obiero,
1206 4356 1404 4416 Parociitus
1419 4370 1488 4416 uon
1511 4357 1625 4417 vestiet
1639 4359 1684 4416 aci
1705 4369 1776 4417 vos.

126 4458 239 4520 Pater
248 4459 529 4526 immanissimam
543 4457 597 4516 ilic
606 4454 926 4518 oosdocebitomuia
979 4453 1146 4515 Stantem
1156 4455 1283 4524 abiero,
1294 4452 1434 4514 mittum·
1446 4467 1525 4514 aum
1535 4449 1775 4531 0100011000.

127 4549 924 4631 010000010100111001010(1000.010,26).Ρο-
980 4565 1049 4622 xvr,
1064 4548 1110 4629 7).
1123 4552 1206 4610 11000
1219 4549 1350 4626 qualem
1366 4549 1578 4622 Paraclitum,
1595 4547 1726 4620 iratres,
1738 4547 1778 4609 de

127 4653 179 4712 ter
191 4649 294 4712 mittit
308 4648 466 4726 Spiritum
485 4648 520 4709 in
539 4648 672 4709 nomine
688 4647 777 4720 Filii,
794 4648 925 4724 quando
980 4646 1111 4710 Domini
1140 4647 1294 4723 passione
1322 4646 1521 4724 accepimus,
1547 4662 1624 4708 ecce
1647 4645 1779 4724 qualem

126 4748 185 4810 dat
202 4747 326 4808 donum
343 4746 484 4824 Spiritus
500 4747 641 4809 Sanctus
657 4744 699 4805 ad
719 4744 879 4806 honorem
894 4745 926 4807 et
981 4744 1221 4806 consolatorem
1234 4743 1404 4806 habemus.
1421 4746 1534 4806 Talem
1550 4745 1662 4822 utique
1676 4759 1780 4821 opor·

126 4845 269 4923 gloriam
278 4843 355 4906 Filii
370 4843 508 4904 suilste
522 4840 927 4919 Spiritusdocetnosom·
979 4839 1071 4903 tebat
1101 4856 1187 4913 esse,
1222 4840 1279 4917 qui
1308 4839 1430 4918 ubique
1457 4843 1560 4915 esset,
1588 4842 1623 4902 ut
1655 4841 1779 4920 ubique

127 4943 200 5016 nia;
225 4941 479 5017 intelligendum
507 4940 558 5002 est
584 4939 696 5000 omnia
723 4938 821 5013 bona,
851 4955 925 5016 quae
980 4938 1146 5015 dispersos
1170 4940 1315 5011 vocaret,
1346 4939 1530 5016 colligeret,
1553 4941 1587 5002 et
1604 4939 1780 5003 reduceret

128 5041 270 5113 scimus;
294 5039 327 5100 et
347 5037 505 5114 suggerit,
526 5037 624 5109 idest,
642 5036 771 5099 reducit
789 5037 830 5098 ad
849 5053 924 5099 me·
979 5036 1014 5097 iu
1027 5035 1181 5112 patriam.
1200 5035 1293 5098 Unde
1304 5037 1501 5099 Psalmista:
1522 5041 1627 5100 Verbo
1639 5043 1779 5100 Domini

128 5137 269 5198 moriam
280 5135 315 5196 iu
330 5135 566 5212 praedicatione
579 5135 612 5196 et
623 5133 848 5196 meditatione.
865 5136 926 5195 Pa·
979 5135 1054 5195 coeli
1064 5134 1198 5205 [irinati
1207 5134 1300 5206 sunt,
1314 5135 1347 5196 at
1357 5136 1565 5208 spirituoris
1579 5137 1654 5206 ejus
1666 5137 1779 5196 omisis

127 5234 268 5296 raclitus
282 5232 370 5296 enim
382 5247 502 5307 graece,
518 5231 622 5294 latine
644 5231 765 5294 dicitur
775 5232 926 5294 Advoca—
979 5230 1093 5291 uirtus
1107 5244 1231 5292 eorum
1243 5229 1311 5309 (Ps.
1327 5232 1376 5301 31,
1394 5229 1440 5308 6).
1457 5233 1591 5306 Oquam
1605 5230 1711 5294 dulcis
1725 5234 1778 5294 est

129 5333 192 5404 tus,
208 5331 263 5394 rel
291 5329 489 5391 consolator.
509 5329 651 5406 Spiritus
672 5330 812 5391 Sanctus
836 5330 924 5390 dici·
979 5326 1042 5390 iste
1058 5327 1213 5404 Spiritus,
1231 5343 1329 5403 quam
1343 5327 1559 5398 delectabilis,
1578 5346 1676 5406 quam
1692 5345 1775 5390 sua-

127 5432 181 5492 tur
200 5428 398 5498 Advoeatus,
421 5427 509 5503 quia,
531 5427 616 5490 sicut
630 5427 710 5489 dicit
724 5427 923 5504 Apostolus:
978 5425 1041 5496 vis,
1059 5440 1159 5508 qnam
1179 5423 1384 5486 misericors.
1402 5425 1462 5487 ille
1477 5427 1570 5488 novit
1580 5427 1710 5503 plenius
1722 5427 1778 5504 qui

127 5533 207 5603 lpse
225 5526 305 5587 orat
318 5539 385 5600 pro
399 5527 494 5588 nobis
507 5526 688 5601 gemitibus
706 5528 925 5590 inclamandi-
979 5521 1133 5599 gustarit.

127 5620 511 5704 110001000026).
1018 5619 1064 5682 iit
1086 5620 1326 5694 apparuerunt
1349 5623 1414 5682 iliis
1438 5621 1629 5698 dispertitor
1651 5625 1777 5700 iiuprrrc
