4122 6308
352 337 414 398 827
817 323 993 388 HONORII
1014 321 1060 382 111
1081 319 1229 382 OPERA.
1246 347 1284 370 -·
1299 315 1531 381 SERMONES·
1936 315 1987 378 828

353 493 521 558 braeorum
546 485 764 552 laudaverunt
792 483 958 547 Christum
979 479 1150 544 dicentes:
1206 479 1335 542 vertice
1362 446 1534 541 montium
1569 475 1684 556 (Micb.
1712 493 1761 554 tr,
1791 475 1836 559 l).
1869 481 1993 550 Domum

357 593 525 663 Hosanna,
541 585 733 649 benedictus
754 583 810 661 qui
835 581 926 644 venit
953 580 989 641 in
1019 577 1152 639 nomine
1206 575 1337 637 Domini
1351 575 1590 638 humanitatem
1603 578 1673 653 jam
1695 575 1845 638 diximus
1862 579 1992 646 Christi:

357 687 507 762 Domini;
524 687 571 747 ita
584 685 616 746 et
630 699 701 754 nos,
715 677 1063 752 iratres,laudabimus
1076 690 1151 735 eum
1207 675 1302 734 Mons
1312 673 1427 735 domus
1442 674 1583 746 Domini,
1597 673 1759 736 celsitudo
1775 674 1989 742 humanitatis.

356 785 392 849 in
405 778 807 847 resurrectionelitsicut
820 775 969 837 Christus
982 774 1151 848 ingressus
1207 771 1270 832 Sed
1297 786 1391 832 mons
1422 771 1486 832 iste
1519 785 1619 847 super
1649 771 1811 834 verticem
1846 777 1992 839 montium

356 884 490 946 osteum
501 880 549 942 eis
563 881 599 940 in
612 877 759 938 sanctam
772 874 939 937 civitatem
953 869 1149 943 Jerusalem,
1206 872 1424 945 praeparatur.
1447 869 1532 930 Nam
1559 867 1638 929 licet
1662 868 1729 929 sint
1751 869 1868 946 plures
1888 874 1939 948 qui
1958 875 1993 936 ad

355 981 403 1042 ita
418 979 532 1056 etipse
547 973 751 1053 ingredietur
760 971 942 1043 nobiscum,
954 969 987 1031 et
1001 981 1062 1029 nos
1076 981 1150 1028 cum
1206 965 1352 1027 coelestia
1372 965 1630 1042 propinquantes
1640 967 1717 1043 jnre
1732 967 1886 1042 parvitas
1900 970 1991 1030 meri-

354 1091 394 1140 eo
407 1076 574 1138 civitatem
589 1071 766 1135 coelestem.
959 1084 967 1096 ¹
1203 1061 1274 1122 tum
1301 1061 1429 1124 montes
1455 1063 1626 1135 vocentur,
1660 1062 1865 1125 excellentia
1895 1067 1992 1127 tamen

394 1171 494 1234 Venit
509 1185 589 1246 ergo
603 1161 847 1244 Bethphagead
864 1161 1007 1224 montem
1024 1157 1147 1230 oliveti,
1204 1157 1421 1220 humanitatis
1444 1158 1625 1221 Dominicae
1649 1159 1754 1222 vitam
1785 1160 1928 1222 omnium
1956 1179 1992 1225 ex

355 1286 456 1349 quum
469 1268 616 1328 nostram
627 1263 719 1325 uenit
730 1276 860 1324 sumere
875 1259 1038 1330 naturam,
1053 1255 1148 1328 idest,
1204 1254 1377 1317 divinitate
1396 1255 1611 1317 transcendit.
1633 1256 1712 1317 Inde
1731 1257 1795 1330 θεῖ,
1813 1259 1899 1334 quod
1918 1275 1991 1322 unus

355 1365 486 1446 quando
500 1360 675 1424 inclinavit
694 1360 806 1432 coelos,
823 1354 1045 1420 etdescendit.
1068 1355 1151 1415 Des·
1204 1351 1449 1424 dementibus,
1471 1352 1574 1425 idest,
1596 1353 1637 1414 de
1658 1353 1864 1430 patriarchis
1888 1353 1990 1418 dixit:

354 1461 465 1526 cendit
478 1462 513 1522 in
528 1459 677 1530 matrem,
695 1457 752 1518 sed
773 1453 932 1516 remansit
948 1468 1022 1514 cum
1037 1453 1146 1512 Patre.
1202 1453 1282 1512 Non
1309 1463 1389 1511 sum
1420 1463 1481 1527 epo
1510 1453 1634 1527 dignus
1662 1454 1858 1528 corripiam
1876 1457 1992 1514 emecc-

355 1556 507 1632 Suscepit
529 1551 779 1622 humanitatem,
803 1549 860 1610 sed
881 1547 1018 1610 retinuit
1039 1546 1149 1607 deita-
1202 1546 1311 1608 mentt
1323 1549 1397 1619 alto
1408 1552 1540 1610 solvero
1553 1544 1661 1626 (Joan.
1676 1563 1700 1616 1,
1711 1546 1780 1628 27).
1794 1548 1888 1610 Unde
1903 1549 1990 1611 etiam

352 1655 430 1718 tem.
457 1653 542 1714 Nam
562 1650 659 1728 juxta
682 1652 842 1711 Joannem
868 1667 876 1706 ε
903 1647 1050 1708 Verbum
1067 1657 1149 1704 caro
1203 1658 1298 1704 mons
1328 1644 1441 1706 oliveti
1471 1645 1624 1712 vocatur,
1652 1644 1746 1721 quia,
1778 1645 1867 1706 sicut
1894 1645 1990 1708 oleun

353 1748 546 1826 factumest
559 1745 813 1808 cibabitootttn
824 1736 1147 1820 nobts(Joan.1,1t).
1204 1741 1333 1802 caeteris
1344 1741 1528 1819 liquoribus
1543 1741 1689 1814 excellit,
1696 1742 1743 1804 ita
1754 1742 1880 1804 Christi
1890 1743 1990 1805 lncan-

352 1845 500 1908 Verbum
522 1860 599 1906 caro
625 1841 747 1904 iactum
771 1842 831 1912 ost,
849 1840 937 1900 lilius
959 1837 1029 1909 Dei,
1046 1833 1146 1908 idest,
1203 1837 1348 1900 nationis
1372 1837 1557 1902 sublimitas
1581 1838 1735 1902 omnibus
1760 1839 1885 1902 eminet
1901 1839 1990 1902 virtu·

352 1943 512 2004 Dominus
535 1941 739 2012 incarnatus,
757 1936 921 2008 uidelicet,
942 1935 1101 1996 Dominus
1117 1935 1150 1994 et
1204 1934 1302 1996 tibus,

253 2024 257 2033 ¹
351 2039 450 2101 homo
482 2039 538 2116 qui
561 2037 668 2099 iactus
695 2035 745 2097 θεῖ
768 2051 811 2096 ex
835 2033 959 2096 semine
976 2029 1080 2093 David
1095 2045 1150 2090 se-
1244 2032 1420 2094 Sciendum
1438 2033 1489 2094 θεῖ
1504 2030 1590 2110 quod
1605 2032 1728 2110 triplex
1744 2033 1800 2094 est
1814 2033 1931 2105 oleum,
1943 2033 1989 2094 ri-

352 2137 496 2197 cundum
519 2150 664 2196 carnem.
690 2135 776 2194 Nam
804 2148 878 2192 cum
901 2130 937 2190 in
960 2127 1064 2190 torma
1089 2127 1149 2188 Dei
1203 2128 1332 2202 delicet,
1347 2129 1531 2206 spiritualis
1546 2129 1674 2202 laetitia,
1692 2131 1842 2192 charitas
1857 2132 1985 2202 sincera,

351 2232 454 2306 esset,
477 2248 544 2293 non
569 2231 720 2308 rapinam
749 2227 927 2290 arbitratus
949 2225 1092 2287 estesse
1113 2238 1149 2285 se
1203 2226 1431 2288 misericordia
1449 2241 1541 2289 vera.
1565 2227 1755 2304 Spiritualis
1777 2228 1893 2291 laetitia
1912 2227 1986 2288 dici-

351 2329 511 2410 tequalem
522 2331 600 2390 Deo.
609 2329 695 2388 Nam
706 2325 844 2403 aequalis
858 2325 910 2385 θεῖ
923 2322 1014 2385 Patri
1024 2336 1148 2384 secun·
1202 2324 1258 2384 tur
1272 2323 1392 2396 oleum,
1407 2323 1485 2401 quia
1499 2323 1646 2386 laetificat
1660 2323 1782 2386 taciem
1796 2325 1945 2396 hominis,
1958 2325 1986 2386 et

351 2427 429 2488 dum
454 2425 676 2497 divinitatem,
703 2424 813 2484 minor
840 2421 939 2482 Patre
969 2420 1148 2482 secundum
1202 2419 1310 2481 reddit
1324 2436 1398 2482 eam
1414 2421 1539 2482 claram
1552 2421 1588 2482 in
1603 2420 1690 2484 bono
1707 2437 1821 2499 opere.
1838 2423 1928 2494 Quia,
1941 2421 1984 2481 si-

349 2511 600 2595 humanitatem,
628 2521 708 2598 quia
740 2517 925 2582 exinanivit
948 2533 984 2579 se
1009 2517 1147 2578 sormam
1203 2519 1258 2580 cut
1272 2518 1381 2580 oleum
1392 2519 1502 2582 reddit
1519 2518 1639 2580 taciem
1655 2519 1826 2594 mundam,
1848 2518 1983 2580 siluerit

351 2619 441 2683 servi
469 2620 636 2697 accipiens
663 2619 699 2680 in
732 2615 948 2678 similitudine
977 2614 1148 2676 bominum
1202 2617 1372 2693 peruncta,
1391 2615 1439 2678 ita
1460 2615 1645 2693 spiritualis
1669 2617 1787 2679 laetitia
1803 2617 1908 2679 reddit
1919 2615 1983 2676 ani-

349 2717 467 2792 iactus,
497 2718 530 2779 et
556 2715 672 2778 habitu
698 2715 853 2778 inventus
881 2714 918 2776 ut
940 2712 1051 2774 bomo.
1086 2713 1148 2785 Qui
1202 2729 1290 2774 mam
1302 2712 1497 2790 praeclaram
1508 2713 1545 2775 in
1560 2711 1656 2776 bonis
1669 2713 1838 2791 operibus.
1855 2712 1941 2776 Unde
1954 2712 1981 2772 et

350 2829 451 2893 quum
463 2815 507 2877 sit
520 2815 689 2884 Dominus
704 2827 765 2890 pro
786 2810 882 2873 nobis
896 2809 1003 2872 iactus
1020 2810 1072 2870 est
1085 2807 1149 2870 ho-
1203 2811 1331 2888 antiqui
1349 2811 1385 2872 in
1406 2809 1522 2871 dicbus
1547 2810 1675 2873 festivis
1694 2812 1769 2873 oleo
1785 2809 1979 2887 ungebantur

348 2927 415 2984 mo,
429 2928 529 2989 quum
545 2911 589 2973 sit
599 2910 770 2981 Dominus,
789 2923 849 2985 pro
866 2907 962 2969 nobis
976 2906 1083 2968 iactus
1098 2906 1148 2968 est
1201 2908 1242 2970 ad
1258 2908 1422 2976 decorem.
1437 2910 1483 2969 De
1496 2908 1559 2969 boc
1573 2907 1647 2970 oleo
1659 2908 1784 2971 dicitur
1797 2911 1832 2970 in
1839 2907 1977 2970 Psalmo:

350 3023 479 3080 servus,
490 3024 589 3085 quum
598 3007 797 3079 sitGreator,
808 3019 867 3083 pro
880 3003 975 3066 nobis
983 3003 1089 3065 lactus
1097 3003 1148 3065 est
1204 3007 1311 3068 Uncti
1332 3006 1549 3094 tevDomtnus
1561 3009 1655 3068 Deus
1672 3006 1753 3069 tuus
1772 3011 1844 3070 oleo
1866 3005 1979 3068 bettino

349 3107 513 3177 creatura,
528 3104 659 3182 quando
678 3118 697 3164 a
717 3118 844 3164 summo
860 3101 943 3162 coelo
957 3100 1019 3161 luit
1033 3115 1148 3176 egres·
1201 3099 1271 3182 (Ρε.
1287 3105 1337 3176 44,
1354 3101 1398 3182 8).
1414 3103 1475 3175 Qui
1489 3101 1561 3164 vult
1571 3117 1651 3179 ergo
1666 3119 1726 3164 sua
1739 3105 1843 3181 opera
1854 3101 1978 3163 Domino

349 3203 400 3264 sio
414 3205 497 3279 ejus,
513 3199 707 3278 etpervenit
721 3198 873 3278 usquein
886 3198 1014 3259 uterum
1031 3197 1146 3258 matris
1200 3215 1274 3261 esse
1294 3199 1439 3277 accepta,
1462 3199 1584 3262 habeat
1598 3201 1707 3262 oleum
1727 3201 1855 3264 laetitiae
1872 3201 1906 3259 in
1926 3211 1977 3258 suo

349 3303 433 3378 ejuS,
449 3315 469 3360 a
484 3298 561 3360 sede
586 3295 741 3360 videlicet
755 3295 875 3364 Patris,
889 3295 931 3356 ad
948 3293 1057 3354 sinum
1073 3310 1147 3356 ma·
1199 3312 1289 3370 vase,
1307 3297 1403 3369 idest,
1423 3296 1457 3358 in
1475 3313 1534 3360 suo
1552 3297 1661 3370 corde,
1678 3299 1757 3376 quia
1773 3299 1910 3360 hilarem
1923 3294 1976 3354 da·

347 3397 419 3469 tris,
443 3413 463 3456 a
484 3395 591 3472 gloria
604 3393 848 3471 majestatis,ad
869 3391 1146 3468 luctumpoenali-
1198 3395 1305 3456 torem
1326 3394 1436 3470 diligit
1458 3397 1557 3456 Deus.
1581 3393 1739 3472 Alioquin
1763 3396 1890 3471 lampas
1915 3393 1976 3468 ejus

345 3493 435 3566 tatis,
459 3509 479 3554 a
509 3492 592 3554 solio
623 3490 755 3554 excelso
784 3491 817 3550 et
845 3488 943 3550 trono
964 3489 1081 3563 regali,
1102 3487 1144 3550 ad
1199 3491 1416 3568 extinguitur,
1431 3490 1495 3552 hoo
1509 3491 1569 3563 θεῖ,
1585 3489 1707 3553 bonum
1722 3493 1915 3569 opusaDeo
1928 3501 1976 3548 re-

343 3589 511 3653 officinam
521 3589 660 3667 peccati,
675 3603 694 3648 a
712 3584 886 3664 splendore
901 3585 984 3646 lucis
996 3585 1142 3655 aeternae,
1198 3587 1369 3665 probatur.

343 3687 385 3748 ad
395 3687 514 3749 testam
525 3686 565 3746 de
576 3685 680 3746 saniis
694 3685 805 3754 terrae,
816 3697 836 3743 a
847 3681 1141 3759 potentiaDomini,
1237 3684 1389 3745 Charitas
1404 3683 1535 3746 sincera
1554 3685 1677 3747 dicitur
1693 3683 1819 3761 oleum,
1835 3683 1919 3762 quia,
1933 3678 1975 3740 si-

343 3783 386 3845 ad
402 3783 542 3844 formum
560 3781 660 3853 servi,
674 3795 694 3840 a
709 3779 881 3856 majestate
891 3777 1088 3854 imperandi,
1100 3779 1142 3840 ad
1197 3781 1251 3842 cut
1265 3780 1375 3842 oleum
1389 3782 1440 3842 est
1453 3781 1691 3844 nutrimentum
1707 3783 1796 3858 ignis
1810 3783 1845 3843 in
1861 3781 1976 3854 lampa·

343 3879 580 3956 subjectionem
618 3875 803 3948 serviendi,
844 3889 865 3936 a
902 3875 1141 3952 tranquillitate
1196 3877 1301 3950 dibus,
1313 3878 1360 3940 ita
1373 3877 1520 3940 charitas
1535 3878 1586 3940 est
1598 3880 1837 3942 nutrimentum
1847 3873 1972 3956 justitie

344 3977 476 4054 quietis,
489 3975 530 4035 ad
539 3974 768 4050 tempestatem
775 3971 956 4044 laboris,ab
966 3972 1141 4036 altitudine
1195 3975 1230 4036 in
1243 3973 1330 4036 bona
1345 3975 1550 4053 operatione.
1575 3977 1717 4054 Lampas
1738 3977 1813 4038 sine
1829 3975 1898 4038 oleo
1916 3983 1972 4032 non

342 4073 469 4136 excelsi
479 4070 721 4143 habitaculi,ad
734 4069 953 4132 humilitatem
970 4070 1140 4132 terrestris
1194 4073 1302 4150 potest
1316 4073 1438 4144 lucere,
1455 4071 1489 4133 et
1501 4071 1622 4133 bonum
1640 4087 1722 4150 opus
1737 4074 1811 4137 sine
1825 4067 1971 4135 charitate

341 4170 497 4244 cubiculi,
515 4168 673 4248 apalatio
692 4165 778 4240 coeli,
800 4166 842 4229 ad
860 4166 1029 4244 tugurium
1052 4184 1141 4245 prae-
1193 4186 1261 4232 non
1280 4169 1389 4247 potest
1411 4169 1564 4248 cuiquam
1580 4169 1747 4248 prodesse.
1769 4174 1817 4233 De
1835 4169 1895 4231 hoc
1908 4165 1970 4227 oleo

340 4269 436 4345 sepii.
1193 4267 1274 4329 dicit
1303 4267 1458 4328 Salomon
1478 4267 1514 4326 in
1540 4266 1760 4329 Ecclesiaste:
1780 4270 1878 4331 Omni
1895 4264 1970 4324 tent·

380 4367 420 4428 Et
433 4365 470 4426 ut
482 4363 634 4426 visitaret
648 4377 709 4424 nos
722 4361 833 4422 oriens
847 4375 890 4422 ex
904 4361 982 4434 alto,
997 4361 1030 4423 et
1042 4361 1139 4424 tolle·
1188 4377 1276 4440 porc
1290 4364 1495 4427 vestimenta
1505 4363 1566 4425 tuo
1576 4366 1648 4426 stnt
1659 4367 1817 4439 condida,
1830 4365 1863 4428 θῖ
1874 4367 1970 4424 deum

338 4463 391 4525 ret
419 4463 490 4538 ipse
518 4476 596 4522 vere
622 4459 800 4534 languores
831 4459 975 4526 nostros,
998 4459 1139 4521 accessit
1191 4465 1233 4524 de
1255 4461 1368 4535 captio
1387 4460 1446 4522 tuo
1468 4475 1538 4522 non
1564 4462 1701 4533 deficta
1725 4461 1828 4542 (Deci.
1856 4476 1903 4531 nx,
1928 4453 1967 4534 9)·

339 4560 492 4640 proprius
509 4557 739 4620 Samaritanus
754 4554 795 4615 ad
811 4553 1007 4627 sauciatum,
1025 4555 1138 4632 pastor
1192 4559 1347 4620 candidis
1358 4557 1562 4620 vestimentis
1577 4557 1725 4620 induitur
1736 4560 1793 4637 qui
1804 4557 1969 4630 bonisope·

305 4713 308 4722 ,
338 4657 379 4719 ad
408 4673 503 4719 ovem
535 4655 716 4734 perditam,
745 4653 815 4714 vita
843 4650 884 4712 ad
912 4652 1135 4726 morticinum,
1191 4655 1284 4717 ribus
1310 4654 1503 4717 adornatur.
1532 4655 1596 4716 Sed
1621 4655 1706 4716 nihil
1730 4657 1867 4734 prodest
1885 4647 1966 4713 indui

336 4755 469 4830 Moyses
495 4753 535 4814 ad
560 4751 716 4832 populum
743 4747 914 4820 afflictum,
931 4748 1071 4812 Elisaeus
1095 4750 1136 4812 ad
1192 4751 1341 4813 candidis
1361 4752 1577 4820 vestimentis,
1594 4753 1623 4813 si
1638 4752 1730 4814 deest
1742 4753 1851 4816 oleum
1861 4745 1966 4812 chari-

336 4867 475 4930 puerum
491 4853 668 4922 mortuum,
686 4848 785 4910 Pater
795 4847 836 4908 ad
849 4847 965 4916 illium,
977 4848 1136 4908 Dominus
1189 4849 1279 4910 tatis.
1299 4849 1341 4909 Ut
1359 4849 1468 4910 autem
1484 4865 1585 4926 opera
1600 4851 1713 4912 nostra
1728 4851 1796 4914 sint
1819 4844 1963 4922 benepla-

336 4947 378 5009 ad
402 4963 545 5019 servum,
571 4949 709 5008 creator
729 4945 771 5006 ad
794 4945 992 5017 creaturam,
1014 4943 1135 5019 figulus
1190 4945 1255 5006 cita
1270 4945 1348 5016 Deo,
1366 4945 1475 5007 oleum
1490 4963 1557 5008 non
1576 4947 1710 5010 deficiat
1725 4949 1766 5012 de
1780 4948 1884 5027 capite
1898 4955 1965 5004 nos·

336 5044 505 5116 adiutum,
520 5043 666 5104 medicus
682 5042 723 5103 ad
737 5042 907 5118 aegrotum.
919 5043 1042 5103 Verum
1057 5039 1133 5116 quid
1188 5043 1252 5113 tro,
1266 5041 1361 5113 idest,
1378 5042 1553 5107 demente.

335 5143 378 5205 ad
394 5143 457 5205 hoc
470 5143 584 5206 ueniti
597 5141 634 5204 ut
648 5140 804 5203 educeret
817 5139 964 5202 vinetum
984 5137 1134 5199 dedomo
1228 5135 1457 5200 Misericordia
1482 5155 1563 5202 vero
1592 5140 1713 5203 dicitur
1738 5142 1857 5214 oleum,
1886 5134 1962 5214 qnia,

335 5242 491 5302 carceris.
1189 5233 1274 5296 sicut
1301 5234 1409 5296 oleum
1432 5237 1484 5298 est
1505 5239 1687 5302 remedium
1716 5241 1831 5302 contra
1857 5233 1962 5298 multas

374 5339 488 5399 Potest
508 5337 618 5400 autem
642 5335 859 5398 humanitatis
884 5333 1006 5396 Christi
1026 5329 1133 5391 subli-
1187 5331 1397 5393 infirmitates
1421 5336 1581 5408 corporis,
1606 5336 1654 5398 ita
1681 5335 1905 5400 misericordia
1922 5325 1964 5388 est

334 5437 432 5499 mitas
462 5451 523 5513 per
552 5438 695 5498 montem
731 5433 949 5495 nihilominus
979 5426 1132 5503 intelligi,
1188 5427 1370 5490 remedium
1388 5430 1501 5491 contra
1515 5431 1723 5496 infirmitates
1736 5434 1864 5505 mentis,
1879 5423 1960 5490 idest,

334 5533 466 5596 dicente
481 5531 664 5610 proopheta
681 5553 688 5592 :
705 5533 750 5594 Et
765 5532 832 5593 ortt
847 5530 1045 5591 novissimis
1063 5528 1136 5587 dte·
1189 5525 1305 5587 contra
1319 5525 1445 5587 scelera
1461 5527 1494 5588 et
1507 5531 1653 5605 peccata,
1670 5533 1748 5610 quia
1767 5547 1826 5611 per
1847 5519 1963 5592 miseri-

335 5635 396 5693 b'us
419 5630 644 5708 preparatas
670 5645 770 5692 morte
790 5632 911 5691 domus
938 5625 1078 5687 Domini
1098 5625 1134 5683 tn
1190 5621 1336 5684 cordiam
1364 5623 1423 5684 Dei
1449 5623 1547 5687 homo
1576 5629 1754 5692 mundatur
1782 5647 1802 5691 a
1835 5617 1961 5705 peccatis
