4122 6308
81 296 136 358 829
662 294 866 356 nomilites
887 293 1135 358 PALMARUM.
1660 305 1721 368 830

83 453 260 534 praeteritis
282 453 325 516 et·
337 450 522 516 custoditur
541 468 563 514 a
585 452 717 516 futuris.
744 455 791 515 De
809 451 872 516 hoc
892 474 896 485 ’
967 453 1208 518 Castellumest
1221 453 1363 518 mundus
1377 456 1452 531 iste,
1469 458 1504 521 ln
1519 469 1585 538 quo
1598 459 1718 526 admo·

83 555 150 614 oleo
169 552 206 612 in
229 551 329 613 Libro
349 554 476 626 Regum
500 550 586 612 dixit
609 551 709 613 vidua
735 551 777 613 ad
804 551 875 614 Elli-
928 549 1004 611 dum
1026 551 1155 614 castelli
1174 553 1225 614 est
1235 553 1338 615 turris
1361 555 1587 632 superbisset
1605 576 1719 624 murus

84 665 201 712 smum:
225 653 307 712 Noc
329 652 434 711 babeo
454 653 566 712 oleum
586 651 656 710 cibi
680 663 811 724 parum
836 652 874 710 tn
928 648 1074 724 periidiae
1090 650 1146 726 qui
1160 649 1244 711 bene
1257 667 1330 713 esse
1344 652 1465 716 dicitur
1479 657 1594 718 contra
1613 657 1719 719 disci-

81 749 206 822 lccutbc
234 744 722 825 (IIIRag.xv11‚12).Parum
746 747 811 808 olei
838 745 872 807 in
928 745 1034 822 pulos,
1055 747 1210 824 quoniam
1229 749 1296 809 tam
1318 751 1398 826 Legi
1418 768 1516 828 quam
1539 755 1720 832 Evangelio

83 844 222 921 lecytho,
248 842 345 916 idest,
381 859 519 920 parvam
545 843 809 905 misericordiam
836 843 873 905 in
928 857 1059 920 semper
1081 844 1222 906 mundus
1251 847 1438 910 contrarius
1465 849 1539 912 ruit.
1559 854 1663 916 Asina
1687 857 1721 920 ct

81 941 176 1004 corde
200 957 275 1003 suo.
295 941 337 1002 Et
357 939 529 1002 benedixit
551 955 668 1018 pamm
690 939 771 1013 olei,
795 940 873 1018 quia
928 940 1038 1016 pullus
1057 946 1134 1002 sunt
1156 942 1293 1019 uterque
1321 960 1433 1017 sexus,
1458 947 1491 1009 et
1515 946 1599 1012 bene
1623 952 1718 1028 prius

80 1039 185 1102 omnis
221 1038 370 1099 humana
411 1037 641 1100 misericordia
673 1052 777 1113 parva
811 1038 871 1100 est.
927 1038 1037 1114 posuit
1063 1039 1192 1100 asinam
1215 1056 1313 1118 quam
1341 1043 1479 1118 pullum.
1508 1047 1605 1107 Prius
1629 1050 1720 1112 enim

84 1135 172 1198 Unde
196 1134 280 1197 dicit
313 1134 596 1197 Ecclesiasticus:
633 1137 874 1198 Misericordia
928 1135 1223 1212 i'oeminapeccarit
1236 1153 1335 1214 quam
1350 1140 1459 1202 homo.
1483 1145 1582 1218 Vidit,
1598 1145 1718 1222 inquit,

82 1236 228 1296 tamtam
241 1233 352 1305 jacta
373 1235 581 1307 paccianum
595 1246 709 1304 scum,
733 1234 874 1294 misert-
926 1236 1053 1296 muller
1074 1237 1163 1308 quod
1181 1237 1305 1297 bocum
1324 1238 1415 1300 asset
1433 1241 1564 1315 itanum
1578 1245 1623 1302 cd
1637 1258 1719 1306 vcs-

82 1333 197 1394 carcaa
214 1330 335 1392 autam
352 1333 417 1392 Det
434 1345 541 1406 super
565 1343 705 1392 omnem
731 1344 874 1392 carnem
927 1333 1071 1392 cencium
1081 1331 1116 1392 ct
1126 1337 1308 1406 pulchram
1323 1338 1428 1397 ossae
1442 1338 1646 1412 aspectuque
1660 1343 1722 1402 de-

83 1426 178 1504 (liccl.
193 1442 295 1500 xum,
313 1425 379 1506 12).
407 1427 486 1499 Quis
500 1426 602 1499 enim,
618 1426 704 1488 sicut
715 1427 873 1489 Dominus
926 1427 1093 1500 lactatam
1108 1429 1142 1490 ct
1154 1429 1231 1490 tulit
1242 1433 1284 1492 dc
1292 1432 1411 1506 fructu
1420 1435 1510 1496 illius
1519 1435 1553 1496 et
1561 1437 1719 1509 consedit,

82 1526 202 1597 noster,
218 1525 373 1587 excelsus
397 1526 447 1586 ast
461 1539 561 1602 super
575 1525 827 1600 omnesgentss,
842 1524 875 1586 θῖ
927 1524 1084 1598 maioque
1108 1528 1186 1586 vtro
1205 1541 1267 1588 sao
1286 1532 1344 1601 aaa·
1364 1531 1520 1592 concedit.
1547 1533 1593 1592 m
1608 1535 1723 1608 aperit

79 1637 178 1698 super
197 1622 302 1684 coelos
321 1621 429 1698 gloria
448 1623 544 1700 ejusi
561 1625 605 1683 lc
628 1625 766 1684 nominc
791 1625 875 1684 lesu
927 1620 1008 1682 sunt
1030 1624 1118 1683 cmslt
1131 1625 1312 1686 amborum
1326 1622 1422 1703 (Gen.
1447 1642 1496 1700 111,
1525 1630 1555 1689 6.
1571 1629 1604 1690 et
1623 1629 1720 1710 sep).

82 1720 245 1792 flectatur
274 1733 375 1782 omne
394 1734 486 1795 occu
515 1718 713 1790 coelestium,
739 1719 873 1782 terres-
928 1715 1026 1778 Pmus
1041 1732 1119 1794 ergo
1134 1721 1269 1796 ponitur
1282 1722 1378 1784 asina
1390 1739 1496 1800 ¹quam
1517 1725 1639 1802 pullus,
1654 1741 1723 1790 non

84 1818 188 1878 tritam
202 1818 239 1878 ct
250 1819 474 1890 internorum
486 1813 621 1896 (Philip.
635 1831 672 1888 11,
688 1813 753 1894 10).
929 1815 1007 1890 quia
1021 1830 1088 1876 non
1099 1817 1186 1879 esset
1195 1819 1272 1880 ante
1283 1817 1381 1881 homo
1394 1837 1492 1896 quarn
1503 1822 1651 1893 ioemiua,
1662 1825 1720 1886 sed

117 1913 244 1976 Aliter:
266 1914 320 1974 vel
335 1913 456 1974 dicitur
471 1929 565 1974 mons
586 1913 710 1984 oliveti,
728 1912 807 1989 quia
827 1911 876 1974 si·
928 1911 1006 1988 quia
1022 1914 1098 1974 ante
1117 1915 1267 1991 peccavit
1284 1915 1420 1978 immina
1440 1933 1538 1995 quam
1557 1919 1666 1994 homo,
1689 1923 1724 1982 et

78 2013 134 2072 cut
150 2011 187 2071 in
207 2011 283 2072 oleo
302 2010 367 2072 tria
381 2013 468 2084 sunt,
484 2011 608 2082 lumen,
622 2009 727 2083 cibus,
743 2011 776 2072 at
787 2025 873 2071 unc-
929 2009 1025 2084 quasi
1040 2011 1145 2072 mater
1159 2009 1303 2072 hominis
1314 2011 1377 2075 luit
1386 2014 1422 2074 in
1430 2015 1576 2091 peccato,
1588 2018 1723 2093 propter

83 2108 136 2180 tio,
152 2109 202 2170 ita
222 2108 373 2170 christus
389 2110 440 2170 est
458 2108 595 2169 lucerna
612 2123 685 2185 quaa
707 2107 875 2170 illuminat
929 2106 1015 2183 quod
1041 2108 1215 2184 peccatum
1242 2110 1310 2171 tam
1338 2110 1563 2190 homo·quam
1587 2113 1723 2176 foemina

84 2221 212 2267 omnem
231 2205 400 2267 hominem
414 2205 601 2268 venientem
621 2205 657 2266 in
674 2205 763 2267 hunc
776 2222 876 2265 mun·
929 2204 1100 2266 asinorum
1114 2207 1305 2268 nominihus
1318 2209 1433 2270 vocari
1444 2211 1649 2273 meruerunt.

84 2301 168 2364 dum.
185 2302 340 2365 Christus
357 2303 408 2366 est
424 2303 518 2379 panis
537 2303 633 2364 vivus
652 2302 709 2380 qui
728 2302 768 2364 de
791 2302 874 2364 coelo
968 2301 1073 2364 Aliter
1087 2323 1095 2363 ι
1109 2304 1157 2366 Ιῖθ
1168 2303 1204 2365 in
1226 2304 1397 2366 castellum
1420 2309 1515 2383 cujus
1533 2307 1658 2370 vallum
1674 2309 1726 2370 est

85 2400 265 2472 descendit,
296 2399 375 2476 quia
410 2399 482 2477 ipse
506 2399 652 2478 quotidie
680 2400 787 2476 pascit
813 2415 874 2461 nos
929 2399 1094 2475 superbia,
1111 2400 1311 2464 munitiones
1326 2404 1404 2465 sunt
1417 2404 1538 2466 caetera
1551 2406 1644 2467 vitia.
1661 2408 1727 2470 Per

84 2513 178 2574 pane,
203 2497 302 2569 idest,
328 2513 429 2559 carne
453 2498 486 2560 et
513 2497 675 2573 sanguine
699 2513 770 2570 suo,
790 2497 876 2559 sicut
929 2497 1057 2558 asinam
1069 2513 1143 2573 quaa
1158 2498 1299 2575 simplex
1312 2500 1363 2561 est
1372 2500 1506 2573 animal,
1519 2503 1727 2578 significatur

84 2595 151 2671 ipse
169 2595 213 2656 de
232 2610 269 2655 se
288 2594 389 2656 dicit:
413 2597 502 2656 Caro
517 2609 689 2657 meahare
703 2595 873 2669 estoldus,
930 2593 1139 2671 simplicitas3
1154 2611 1213 2672 per
1226 2595 1353 2672 pullum
1370 2597 1550 2659 humilitas.
1567 2601 1726 2662 Homines

84 2694 115 2754 et
126 2695 273 2769 subacuta
290 2707 388 2754 meus
406 2705 490 2754 vere
506 2692 558 2753 cst
570 2692 691 2768 potum·
705 2695 764 2766 qul
775 2707 877 2754 mao-
897 2751 898 2756 ,
930 2691 1061 2769 quippe,
1074 2691 1131 2770 qui
1140 2691 1282 2754 humiles
1290 2693 1323 2755 et
1332 2694 1499 2770 simplices
1510 2694 1630 2759 debent
1639 2711 1725 2772 esse,

80 2791 183 2852 ducat
205 2805 349 2852 caratam
370 2804 496 2863 mam,
519 2789 554 2851 ct
572 2789 659 2852 bibet
671 2793 877 2867 sauguinem
930 2803 1043 2850 amore
1057 2788 1171 2852 mundi
1184 2790 1459 2853 etcaetarisvitiis
1472 2792 1731 2868 alligatiasim·

85 2902 201 2949 mcum
221 2891 262 2948 tn
281 2901 341 2948 mc
358 2887 491 2960 manet,
512 2888 546 2948 ct
564 2901 626 2963 apo
646 2891 684 2949 ts
707 2903 746 2950 cc
766 2884 874 2966 (Joan.
930 2885 1077 2962 plicitate
1103 2886 1137 2950 et
1159 2887 1346 2950 hnmilitate
1375 2888 1513 2951 alienati
1545 2891 1632 2952 sunt.
1664 2891 1730 2954 sed

86 2999 130 3055 vr,
145 2983 213 3064 56).
229 2988 309 3048 Nisi
330 2986 625 3047 manducaveritis
643 2989 877 3048 ccrnmniillit
931 2983 1054 3045 ciniso
1069 2984 1302 3061 praedicatores
1317 2985 1472 3062 alligatos
1487 2987 1620 3050 solvunt
1631 2989 1664 3052 et
1673 3005 1732 3052 so-

83 3085 233 3144 hminis
254 3082 288 3143 ct
304 3083 456 3144 biberitis
474 3081 549 3156 dius
568 3086 783 3160 sanguinem,
808 3098 878 3146 noa
931 3079 1018 3144 iutcs
1034 3080 1157 3144 ducunt
1171 3082 1212 3143 ad
1228 3083 1404 3144 Christum.

85 3177 634 3258 babcbtttsvi'tamtccobisilcan.
648 3195 695 3252 vr,
713 3179 778 3260 54).
795 3182 878 3254 Quia
970 3178 1095 3255 illigat
1117 3180 1228 3242 autam
1252 3179 1403 3242 diabolus
1422 3181 1548 3260 triplici
1567 3181 1728 3257 funiculo,

85 3276 171 3338 sicut
191 3277 338 3354 quotidie
363 3291 551 3353 peccamus,
571 3277 617 3340 ita
642 3278 787 3356 quotidie
819 3295 879 3355 per
933 3275 989 3353 qui
997 3275 1132 3338 diiiicila
1140 3278 1314 3354 rumpitur,
1322 3277 1419 3350 idest,
1429 3278 1557 3352 laetitia,
1567 3282 1730 3358 concupi·

88 3389 207 3452 corpus
226 3373 349 3435 Christi
363 3373 522 3435 habemus
549 3375 779 3437 remissionem
806 3391 879 3437 cm·
932 3372 1070 3445 scentia,
1082 3372 1261 3449 voluptate.
1274 3375 1433 3436 Homines
1448 3374 1638 3451 obligantur
1647 3395 1731 3454 qua·

88 3470 179 3531 nium
195 3472 417 3547 pcccatorum.
932 3469 1018 3542 tuor,
1032 3467 1176 3530 attrihus
1187 3469 1378 3532 sceleribus.
1390 3473 1536 3542 Quatucr
1546 3473 1587 3534 ad
1598 3487 1729 3550 corpus,

125 3568 880 3645 mmsmcamseausctaetapacpemmcc
932 3567 998 3628 tria
1013 3566 1053 3627 ad
1066 3567 1212 3627 animam
1224 3566 1401 3642 pertinent.
1414 3569 1540 3645 corpus
1550 3570 1731 3635 humanum

87 3665 299 3738 teancltvctt,
316 3667 398 3727 tuaac
411 3667 508 3728 misti
523 3669 608 3728 duos
610 3709 670 3726 .....
685 3668 789 3728 Porro
803 3667 880 3728 ante
933 3679 977 3726 ex
991 3664 1132 3741 quatuor
1142 3662 1314 3724 elementis
1326 3663 1555 3742 principaliter
1567 3669 1730 3741 consistit,

87 3777 187 3824 suum
208 3762 246 3823 in
269 3777 370 3824 carna
396 3761 572 3824 adventum
599 3762 736 3825 miserat
758 3781 878 3836 unum,
933 3760 1099 3832 videlicet,
1121 3759 1223 3832 terra,
1247 3775 1344 3837 aqua,
1365 3776 1454 3834 aere,
1478 3761 1511 3824 et
1532 3764 1621 3840 igne,
1641 3765 1676 3827 et
1697 3765 1732 3828 in

89 3860 144 3920 sed
171 3859 329 3936 quoniam
343 3874 402 3936 pro
417 3875 482 3936 quo
501 3857 691 3922 mittebatur
705 3859 825 3922 efficax
838 3861 879 3922 ad
935 3858 1076 3934 quatuor
1103 3855 1297 3918 humoribus
1319 3858 1518 3922 naturaliter
1543 3863 1732 3938 permanet,

90 3956 355 4034 negotiumsqus
370 3972 437 4018 non
448 3955 522 4028 luit,
532 3957 606 4033 post
614 3957 881 4020 incarnationem
935 3954 1100 4025 videlicet,
1117 3954 1314 4017 melancolia
1324 3971 1398 4032 quae
1410 3956 1661 4020 similitudinem
1672 3960 1735 4020 ha·

91 4070 186 4116 suam
200 4055 291 4116 dedit
300 4054 331 4116 ei
342 4054 479 4126 socium,
493 4055 527 4116 et
538 4053 629 4116 misit
640 4055 733 4127 duos,
748 4055 784 4117 ut
796 4055 881 4132 quod
935 4050 989 4114 bet
1014 4067 1089 4112 cum
1113 4051 1215 4123 terra,
1241 4051 1394 4126 flegmate
1419 4053 1505 4129 quod
1530 4053 1734 4116 assimilatur

91 4151 176 4214 altar
187 4151 313 4214 diceret
329 4150 415 4213 alter
430 4151 625 4220 testaretur,
648 4153 680 4214 et
694 4151 780 4229 quod
797 4168 882 4214 unus
936 4164 1042 4226 aquae,
1059 4147 1221 4223 sanguine
1241 4147 1297 4224 qui
1310 4147 1421 4210 aiiinis
1436 4150 1487 4211 est
1504 4151 1586 4223 aeri,
1606 4151 1640 4212 et
1654 4152 1736 4214 cho-

91 4263 157 4310 non
172 4248 313 4325 poterat,
335 4247 532 4325 perficerent
551 4247 626 4310 duc.
651 4251 689 4309 In
715 4265 772 4310 ore
793 4250 882 4311 enim
936 4246 1007 4307 lera
1020 4259 1093 4322 quae
1108 4243 1236 4306 accedit
1247 4243 1288 4305 ad
1304 4243 1425 4320 ignem.
1441 4246 1481 4307 m
1497 4246 1582 4309 sicut
1601 4248 1736 4309 tradunt

92 4345 233 4407 duorum
260 4344 313 4407 vel
345 4345 447 4407 trium
470 4344 605 4406 testium
633 4346 762 4408 constat
786 4361 883 4408 omne
936 4341 1127 4406 attractant
1141 4340 1165 4402 ii
1184 4357 1266 4419 quos
1285 4342 1390 4417 agitat
1407 4343 1470 4404 iste
1487 4342 1592 4418 labor,
1612 4360 1733 4422 quam-

91 4443 229 4506 vcrbum
247 4463 256 4504 ι
278 4443 349 4516 Ite,
387 4441 509 4518 inquil,
539 4445 577 4504 tn
599 4443 775 4504 castellum
797 4447 884 4518 quod
937 4440 995 4502 diu
1009 4439 1165 4500 humores
1180 4439 1236 4500 isti
1249 4438 1285 4500 in
1301 4454 1361 4501 suc
1374 4440 1461 4500 statu
1474 4439 1506 4501 et
1515 4440 1735 4518 temperantia

91 4543 214 4604 contra
226 4555 288 4602 cos
301 4539 364 4611 cst,
378 4540 412 4601 ct
424 4539 738 4602 statimtaveaiatts
749 4544 885 4602 asinam
938 4552 977 4598 ac
996 4535 1184 4612 integritate
1202 4534 1395 4612 perdurant,
1414 4551 1534 4613 corpus
1551 4536 1735 4600 humanum

92 4637 271 4714 cassatam
281 4638 316 4699 ct
325 4641 458 4711 padum
472 4651 551 4697 cum
566 4637 764 4708 ca.Solvltc‚
781 4639 815 4698 et
829 4640 885 4699 ad
938 4633 974 4696 in
988 4633 1130 4696 sanitate
1148 4633 1279 4709 integra
1295 4637 1497 4710 perseverat.
1519 4635 1583 4696 Sed
1603 4635 1640 4696 in
1654 4651 1734 4698 cor·

93 4735 311 4796 ducticmtbt.
326 4732 795 4810 Videndnmest‚iratres,qui
808 4735 886 4797 sunt
937 4730 1091 4808 ruptione
1120 4730 1259 4792 istorum
1290 4729 1486 4805 humorum,
1515 4732 1569 4795 vel
1593 4732 1736 4811 alicujus

94 4832 150 4894 isti
165 4831 286 4904 nuntii,
307 4830 397 4892 istud
414 4830 598 4904 castellum,
615 4845 689 4908 qum
708 4831 818 4908 asina,¹
828 4833 887 4916 qui
939 4843 1064 4902 eorum,
1083 4827 1224 4891 diversae
1238 4829 1438 4906 proveniunt
1455 4828 1677 4893 infirmitates.
1697 4833 1737 4894 nt

93 4929 205 5005 pullus
224 4928 266 4990 ad
286 4943 384 5006 quem
403 4927 596 4989 solvendum
615 4927 725 4989 nuntii
743 4927 885 4991 mittun·
940 4925 969 4986 si
984 4925 1058 5002 quis
1070 4925 1170 4986 vellet
1183 4926 1255 4988 haec
1269 4941 1336 4988 non
1356 4926 1466 4989 minus
1486 4929 1618 4990 curiose
1636 4946 1736 5008 quam

94 5029 159 5087 tur.
175 5028 248 5087 Duo
263 5025 372 5087 nuntii
383 5025 460 5087 sunt
472 5025 537 5086 duo
551 5024 840 5099 testamenta,Lex
854 5028 887 5090 et
940 5023 1082 5086 sollicite
1103 5023 1135 5084 et
1158 5022 1323 5086 subtiliter
1345 5023 1516 5102 indagare,
1537 5031 1650 5103 posset
1666 5027 1737 5090 icr-

94 5123 322 5200 Evangelium.
347 5125 468 5199 Legem
491 5121 602 5184 autem
619 5123 757 5185 miserat
775 5125 888 5186 Domi·
940 5121 1039 5184 tassia
1056 5121 1090 5182 et
1106 5120 1141 5182 in
1156 5121 1268 5184 anima
1287 5122 1496 5186 infirmitates
1511 5125 1623 5186 varias
1637 5125 1737 5188 inve-

94 5237 157 5282 nus
171 5220 309 5292 ludaeis,
324 5220 381 5281 scd
396 5220 473 5298 quia
483 5219 579 5292 nihil,
596 5220 632 5283 ut
642 5219 690 5282 ait
698 5221 885 5297 Apostolus,
940 5218 1024 5291 nire,
1048 5233 1188 5295 quarum
1211 5219 1313 5281 aliam
1336 5220 1447 5296 posset
1469 5219 1628 5298 adaptare
1651 5223 1736 5287 febri

95 5317 136 5379 ad
160 5316 343 5394 perlectum
372 5315 528 5388 ducebat,
558 5332 633 5377 cum
660 5318 748 5393 Lege
773 5320 887 5395 postea
941 5316 1131 5394 quartanae,
1161 5315 1263 5377 aliam
1293 5317 1465 5390 tertianae,
1496 5318 1598 5380 aliam
1628 5322 1738 5398 quoti-

95 5414 314 5491 iivangelium
333 5415 365 5476 at
386 5413 512 5477 Judaeis
540 5413 631 5475 misit
652 5414 686 5475 et
712 5415 885 5490 gentibus,
942 5411 1062 5484 dianae,
1078 5412 1112 5474 et
1127 5411 1175 5473 sic
1189 5411 1230 5472 de
1244 5410 1385 5474 caeteris.

96 5512 183 5574 sicut
197 5511 436 5588 scriptumest:
452 5511 648 5572 Proedlccte
660 5513 889 5590 susspectum
982 5509 1072 5585 Ignis
1086 5509 1229 5586 pertinet
1242 5509 1283 5570 ad
1300 5510 1414 5572 oculos
1426 5512 1545 5589 quibus
1562 5515 1738 5578 curiositas

79 5659 81 5664 .
96 5611 190 5672 orarit
201 5611 375 5673 creaturae
387 5605 503 5691 (Marc.
518 5622 587 5682 xvi,
605 5604 669 5688 15).
896 5607 898 5612 '
942 5607 1127 5682 exercetur,
1142 5621 1214 5683 quae
1227 5606 1372 5669 animam
1383 5609 1499 5685 alligat
1509 5610 1739 5674 conformitate
