3984 6292
281 332 341 392 aas
901 323 1078 386 nosonn
1100 325 1145 386 111
1168 327 1316 388 orant.
1856 335 1902 398 a,

283 487 435 560 consilio,
451 485 484 548 et
504 484 604 549 totius
620 481 734 562 populi
752 483 917 558 mandato,
934 484 1078 548 militum
1103 475 1112 492 ’
1133 485 1619 561 misericorditerolierendum,
1633 489 1666 550 et
1678 489 1904 566 paritcrcoule-
1958 509 1959 590 i

283 588 412 658 domus,
427 587 462 648 et
476 581 709 655 mercatorum,
726 582 759 644 et
779 598 919 660 qnorum
938 582 1078 646 facultas
1134 585 1272 646 rendum
1289 606 1298 644 ι
1313 600 1375 646 nos
1394 584 1603 646 devotionem
1621 586 1654 648 et
1667 586 1759 662 pium
1774 593 1903 665 proposi·
1958 623 1959 640 ι

282 683 449 746 videbitur
469 679 636 742 sufficiens
657 679 697 741 ad
720 679 821 742 hoves
841 680 1022 754 habendos,
1039 681 1080 744 de
1134 683 1202 744 turn
1217 683 1365 760 ejusdem
1378 683 1500 744 nobilis
1515 683 1734 756 attendentes,
1745 684 1780 744 in
1793 685 1904 750 feudum
1958 669 1959 676 ἵ

283 781 426 860 singulis
460 777 611 841 domibus
646 778 714 840 tres
747 777 902 840 denarios
932 779 1080 857 aJusdem
1135 778 1242 842 mdem
1264 780 1368 842 nobili
1391 781 1537 842 castrum
1560 781 1784 844 concessimus
1806 799 1905 860 supra·
1958 777 1959 848 ἶ

282 883 382 943 terrae
403 878 437 939 in
459 875 542 939 testo
559 867 653 938 beati
667 876 803 938 Martini
818 877 991 940 exsolvent
1005 878 1080 938 sin·
1135 877 1342 955 dictampno
1358 895 1425 956 quo
1437 879 1538 954 ligius
1550 879 1584 940 et
1597 878 1695 940 homo
1711 885 1906 944 sacrosancta

283 977 371 1056 gulis
403 975 511 1038 annis.
546 975 654 1036 Ceteri
683 973 724 1036 de
760 974 901 1051 singulis
929 973 1080 1037 domibus
1135 978 1292 1038 Romanae
1316 968 1473 1040 ilc'clesiae
1494 977 1528 1038 et
1545 977 1746 1054 apostolica
1768 978 1852 1038 Sedis
1868 983 1907 1042 est

284 1091 385 1138 unum
399 1073 583 1135 denarium.
597 1071 982 1136 Ettnsraoctavasbeati
996 1075 1082 1134 Mer·
1135 1073 1241 1136 iactus
1262 1074 1383 1136 nobilis
1408 1090 1496 1152 saepe
1517 1074 1635 1137 dictus.
1656 1075 1698 1138 nt
1721 1075 1762 1136 ad
1782 1076 1906 1152 ejusden

283 1173 345 1236 tini
365 1171 495 1235 solvent
515 1171 558 1242 ei,
575 1171 629 1232 cui
649 1173 820 1232 Romanus
835 1170 990 1233 Pontifex
1006 1173 1082 1249 ius·
1135 1173 1257 1234 nostrae
1276 1172 1502 1234 concessionis
1520 1172 1679 1234 indicium
1701 1171 1783 1234 duae
1801 1189 1906 1236 tumeas

285 1271 377 1332 serit.
404 1269 563 1331 Consules
587 1284 679 1341 vero,
704 1269 761 1346 qui
787 1284 848 1346 per
867 1269 1016 1347 ternpore
1035 1268 1082 1330 ihi
1136 1271 1264 1346 argenti
1275 1269 1379 1346 gratis
1390 1270 1496 1334 solvet
1508 1269 1792 1348 SediApostolioaa
1801 1285 1907 1332 annua-

286 1367 539 1440 constituentur,
563 1366 755 1428 fidelitatem
772 1365 877 1439 uobis,
898 1367 1082 1444 uestrisque
1136 1368 1206 1430 tim.
1223 1369 1416 1445 eapropter,
1428 1368 1542 1431 dilecti
1556 1369 1744 1430 iuDomino
1758 1367 1907 1446 tiliiejm·

286 1465 534 1528 successoribus
562 1465 652 1526 omni
685 1464 861 1526 occasione
890 1465 922 1528 et
949 1467 1084 1526 coutra—
1137 1465 1907 1544 demnobilisjustisprecihusinclinati,castrum

286 1563 431 1626 dictione
451 1563 589 1635 remote,
609 1561 781 1640 jurabunt.
802 1563 871 1624 Nos
895 1579 1024 1642 quoque
1042 1562 1083 1625 de
1137 1562 1306 1640 ipsamet
1326 1563 1502 1625 ecclesiam
1522 1563 1671 1641 eiusdem
1692 1563 1793 1625 castri
1806 1563 1837 1624 iu
1852 1564 1906 1626 solo

286 1657 441 1722 mandato
453 1660 596 1722 aliorum
609 1661 781 1723 consulum
797 1661 829 1722 et
843 1661 955 1738 populi
971 1661 1085 1723 civita-
1136 1659 1225 1722 beati
1241 1660 1331 1722 Petri
1348 1659 1529 1733 fundatam,
1546 1675 1621 1738 quae
1635 1661 1765 1723 tantum
1779 1659 1873 1738 adjus
1883 1664 1907 1724 et
1958 1703 1959 1740 ,

287 1759 341 1830 tis,
352 1757 447 1820 uobis
461 1757 652 1820 fidelitatem
668 1758 817 1830 lecimus
832 1759 865 1820 et
876 1759 1008 1821 nostras
1018 1775 1085 1820 ma·
1138 1757 1371 1834 proprietatem
1395 1757 1484 1820 beati
1508 1758 1600 1820 Petri
1623 1757 1826 1834 dignoscitur
1844 1773 1906 1833 per-
1958 1759 1959 1830 l

286 1871 361 1928 nus,
378 1855 456 1918 licet
478 1855 644 1931 indignas,
667 1856 755 1918 inter
775 1855 904 1918 vestras
925 1858 1085 1918 sacratis-
1137 1855 1255 1927 tinere,
1272 1855 1333 1916 sub
1354 1855 1443 1918 beati
1458 1856 1549 1918 Petri
1570 1856 1603 1919 et
1616 1855 1813 1933 Apostolicae
1834 1855 1907 1916 Sedis
1958 1847 1959 1894 t

287 1953 390 2015 simas
415 1969 533 2014 manus
565 1954 750 2026 mittentes,
775 1953 870 2015 robis
901 1954 1084 2016 hominium
1139 1953 1353 2030 protectione,
1365 1951 1576 2030 suscipimus,
1588 1954 1621 2015 et
1631 1952 1806 2030 praesentis
1817 1952 1906 2028 scripti

287 2050 436 2112 lecimus.
453 2051 493 2112 Et
507 2050 646 2127 populns
664 2051 774 2124 terrae,
791 2050 922 2127 quando
937 2067 1086 2112 commu·
1139 2049 1324 2128 patrocinio
1347 2051 1606 2128 communimus;
1631 2050 1814 2114 districtius
1833 2048 1905 2112 iuhi-

288 2149 376 2210 nitar
392 2147 553 2226 jurabunt
574 2147 779 2220 consulibus,
795 2147 937 2224 singulis
958 2149 1086 2212 scilicet
1139 2148 1398 2227 bentes,nequis
1414 2149 1588 2228 epiecopus
1603 2150 1743 2211 seualia
1755 2147 1906 2210 ecclesias-

288 2245 454 2318 trienniis,
485 2245 571 2308 sicut
601 2245 814 2306 constitutum
840 2246 900 2318 est,
924 2245 1087 2324 jurabunt
1139 2246 1431 2320 tica,secularisve
1445 2261 1598 2324 persona,
1615 2247 1650 2322 in
1664 2246 1779 2308 eadem
1793 2243 1906 2308 ecclesia

290 2343 415 2421 pariter
429 2345 462 2404 et
477 2345 625 2404 Romano
640 2340 805 2404 Pontifici.
1136 2344 1404 2422 jurisdictionem
1429 2344 1575 2422 aliquam
1598 2343 1646 2406 ibi
1669 2345 1794 2406 temere
1813 2341 1908 2403 audeat

330 2442 398 2516 ego
418 2440 517 2502 Falco
536 2439 685 2502 notarius
700 2439 733 2502 et
753 2439 862 2501 scriba
878 2440 964 2502 sacri
979 2443 1088 2503 Bene-
1141 2457 1313 2519 usurpare.
1342 2441 1493 2504 Chrisma
1517 2457 1608 2516 sero,
1633 2441 1747 2504 oleum
1773 2441 1905 2510 sanctum,

290 2537 426 2600 santoni
441 2537 568 2616 palatii,
585 2537 648 2599 hoc
663 2537 832 2616 scriptum,
848 2538 925 2616 quia
937 2538 1084 2612 interlui,
1141 2539 1407 2602 consecrationes
1430 2540 1596 2614 altarium,
1618 2539 1838 2602 ordinationes
1853 2537 1905 2598 cle-

290 2635 422 2714 scripsi.
1141 2638 1297 2710 uicorum,
1313 2637 1370 2715 qiu
1389 2637 1431 2700 ad
1446 2651 1559 2700 sacros
1572 2637 1709 2701 ordines
1723 2635 1838 2699 suerint
1849 2649 1907 2711 pro·

330 2737 399 2810 Ego
415 2734 532 2796 Petrus
547 2736 748 2796 sarracenus
763 2734 984 2798 senescalcus.
1141 2735 1306 2807 movendi,
1318 2751 1338 2796 a
1348 2751 1553 2812 quocumque
1563 2735 1762 2808 malueritis,
1775 2731 1907 2808 suscipie-

331 2833 399 2908 Ego
415 2831 627 2893 Guiscardus.
1142 2835 1184 2897 tis
1204 2834 1361 2906 antistite,
1383 2833 1413 2894 si
1427 2833 1559 2910 quidem
1574 2833 1759 2896 catholicus
1779 2830 1872 2900 inerit,
1884 2831 1906 2890 et

333 2931 401 3006 Ego
415 2929 533 2990 Petrus
547 2928 782 2991 Buticularius.
1142 2932 1405 2994 communionem
1424 2933 1644 2994 sacrosanctae
1664 2933 1819 2994 Romanae
1836 2927 1906 2988 Sedis

333 3027 400 3100 Ego
415 3024 605 3088 Albertinus
618 3025 792 3088 ostiarius.
1143 3030 1307 3102 habuerit,
1322 3031 1356 3092 et
1370 3046 1410 3092 ea
1424 3029 1518 3092 uobis
1532 3029 1675 3092 voluerit
1688 3029 1762 3090 sina
1775 3025 1906 3106 pravitate

334 3125 401 3200 Ego
416 3121 570 3186 Albertus
583 3123 757 3186 Ostiarius.
1143 3129 1255 3207 aliqua
1278 3127 1447 3190 exhibere.
1469 3128 1519 3190 Ad
1543 3127 1615 3190 haec
1634 3127 1731 3190 vohis
1752 3117 1784 3190 et
1800 3140 1851 3202 per
1864 3137 1906 3184 ros

561 3291 567 3305 .
1143 3225 1781 3302 ecclesiasuestrae,hominumejusdam
1793 3221 1906 3284 castriet

332 3293 458 3355 Anrtot.
473 3323 514 3338 -
528 3295 627 3354 lirsee
642 3292 777 3356 accedat
796 3293 829 3356 et
850 3294 953 3356 altera
973 3293 1089 3358 charta
1143 3325 1276 3398 omlis,
1292 3324 1377 3403 quod
1403 3323 1548 3386 madia
1568 3322 1755 3399 vulgariter
1767 3331 1906 3394 nuncupa,

241 3459 247 3471 ,
293 3389 1089 3468 nondumedita,complectensdonationemcastri
1143 3424 1207 3496 tur,
1230 3423 1377 3486 decimas
1397 3422 1552 3484 duximus
1573 3419 1809 3491 comendes,
1822 3417 1850 3478 et
1865 3429 1905 3476 eas

294 3488 459 3562 Lavadiae,
472 3506 570 3567 quam
581 3489 659 3552 iecit
669 3489 742 3552 Otto
753 3490 792 3550 de
803 3491 923 3562 ltocca,
936 3489 1089 3568 princeps
1143 3521 1237 3582 vohis
1256 3520 1433 3598 legationis
1451 3517 1659 3590 amem-itate,
1675 3534 1743 3596 qua
1757 3515 1904 3590 sunnnur,

292 3586 509 3660 Athenarum,
535 3588 658 3648 sanctae
682 3589 842 3648 Romanae
869 3588 1026 3649 Ecclesiae
1050 3603 1089 3648 ac
1143 3609 1905 3694 confirmamus,,tpraesonfisscrjptjpatmcinio

292 3699 353 3761 pro
363 3698 402 3743 aa
418 3682 566 3759 Pelagio,
577 3681 756 3744 Albanensi
770 3683 935 3760 episcopo.
949 3684 981 3745 et
994 3684 1088 3744 Sedis
1143 3716 1395 3780 communimus·
1411 3714 1504 3777 Nuffi
1520 3729 1600 3790 ergo
1615 3713 1751 3776 omnino
1767 3709 1905 3772 hominum

291 3779 491 3884 1111031011οθ
515 3779 624 3890 1θὲιᾶἙο
646 3781 681 3890 Ψ
705 3779 849 3852 ‘mente’
871 3779 956 3858 qu⁰d
976 3781 1089 3890 timon
1143 3815 1243 3876 liceat
1265 3815 1352 3876 hane
1371 3813 1527 3890 paginam
1551 3811 1674 3874 nostrae
1703 3804 1903 3872 concessionis.

293 3878 439 3938 castrum
455 3891 473 3937 e
487 3877 627 3952 vestigio
641 3877 748 3938 erdem
759 3876 915 3940 collatum
929 3879 979 3940 ast
992 3877 1089 3940 titulo
1144 3911 1369 3989 protectionis,
1388 3909 1610 3981 inhibitionis,
1629 3908 1663 3970 ot
1679 3901 1905 3970 00nfirmationis

293 3973 395 4046 teudi,
419 3972 597 4035 constituto
618 3989 719 4036 censu
740 3973 880 4035 duarum
902 3991 1088 4038 marcarum
1143 4009 1338 4086 infringere,
1353 4008 1408 4070 vel
1422 4007 1454 4068 91
1468 4023 1554 4068 ausu
1566 4005 1747 4070 temerario
1761 4000 1904 4066 oona—airu.

293 4071 424 4148 argenti
436 4070 613 4148 quotannis
626 4071 782 4133 Ecclesiae
791 4075 948 4134 Romanae
961 4074 1090 4152 persol-
1145 4109 1180 4169 Si
1200 4108 1273 4186 quis
1292 4107 1403 4170 ,utem
1418 4105 1480 4166 hoc
1499 4105 1547 4168 att

823 4170 829 4182 ,
1547 4105 1662 4166 entare
1678 4095 1903 4181 praesumpserit,

292 4169 411 4231 venda
447 4168 651 4231 Praesembat
684 4169 773 4230 hum
806 4169 938 4232 mlum
973 4172 1089 4233 eadm
1142 4205 1405 4281 indignationem
1413 4202 1649 4280 omnipotentis
1657 4202 1718 4264 Dei
1727 4199 1903 4263 etheatorun

292 4267 419 4341 charta,
432 4265 531 4329 sicuti
541 4267 574 4329 et
584 4267 787 4346 subsequens
798 4267 903 4330 altera
912 4269 1090 4331 conflrma—
1144 4303 1235 4366 Petri
1251 4303 1284 4364 et
1302 4301 1399 4363 Pauli
1412 4300 1644 4382 Apostolorum
1661 4303 1734 4377 ejus
1755 4313 1789 4359 se
1805 4289 1904 4357 noverit

291 4366 389 4438 toria,
406 4381 488 4444 quas
507 4380 526 4427 e
546 4365 677 4442 regesto
696 4364 809 4427 cencii
826 4367 1002 4428 camerarii
1025 4367 1088 4429 de·
1143 4402 1367 4462 incursurum·

292 4463 449 4542 prompsi‘
1182 4499 1300 4561 Datum
1315 4495 1508 4568 Scandabli,
1522 4498 1557 4558 11
1576 4495 1739 4561 kalendas
1753 4496 1770 4558 J
1774 4491 1835 4562 edii,
1849 4500 1903 4564 pon·

1142 4593 1288 4658 tidoatus
1308 4591 1432 4654 domiui
1453 4592 1637 4656 innocentii
1657 4593 1756 4669 Papae
1776 4589 1825 4658 Ill,
1839 4595 1902 4645 anuo

292 4654 423 4714 cerastes
452 4652 603 4713 demeum
628 4663 831 4712 morcarum
861 4651 1000 4728 auocati
1022 4665 1089 4727 pro
1143 4692 1282 4771 septimo
1301 4689 1441 4752 decimo·

329 4749 445 4810 castro
466 4749 630 4809 Looadioe
652 4761 675 4810 a
698 4752 835 4811 domino
858 4750 1085 4822 Athenarum,

330 4859 423 4906 anno
439 4845 527 4906 1214.
1174 4879 1176 4884 .
1511 4907 1517 4920 ·
1715 4906 1733 4918 ..

1144 4907 1367 4980 contrectatio
1386 4909 1517 4968 domina
1542 4905 1733 4966 [resecantes
1753 4903 1805 4962 ill
1822 4901 1901 4966 Para

330 4995 487 5071 Pelagius
510 4994 725 5058 miseratione
748 4995 862 5058 divina
889 4995 1087 5060 Albanensis
1182 5007 1518 5081 sopercoiwesstone
1531 5003 1641 5064 castri
1658 5001 1821 5064 Lat-adm,
1834 4989 1901 5066 socio

291 5093 688 5171 episcopus,Apostolicae
700 5093 794 5154 Sedis
806 5093 945 5169 legatus,
958 5092 1087 5156 dilectis
1181 5119 1246 5180 per
1267 5105 1445 5164 nominum
1465 5101 1617 5177 efflatum
1638 5101 1772 5160 omnino
1784 5095 1901 5157 Atrioru-

292 5189 370 5253 dliis
384 5190 516 5252 clericis
532 5190 683 5253 ecclesiae
697 5191 799 5252 castri
814 5191 980 5264 Lauadiaa,
997 5192 1089 5254 salu-
1182 5215 1274 5274 riam,
1286 5215 1378 5262 ormo
1392 5200 1479 5261 1215.
1586 5255 1589 5260 ,

291 5290 358 5352 tem
373 5289 408 5350 in
423 5289 575 5350 Domino.

331 5390 437 5460 Quum
451 5387 573 5449 nobilis
587 5389 640 5450 vir
658 5387 731 5449 otto
745 5385 784 5448 de
800 5385 1089 5460 accesseramus
1183 5377 1393 5442 Innocentius
1413 5375 1602 5452 opimius,
1624 5388 1739 5434 servus
1763 5369 1898 5430 seruorum

290 5486 507 5558 Athenarum,
527 5486 598 5547 zelo
617 5485 739 5546 divinae
760 5485 894 5562 pietatis
914 5501 1086 5558 accensus,
1143 5477 1214 5551 Dei,
1228 5477 1347 5538 d1100i⁰
1361 5474 1429 5535 fili⁰
1444 5467 1894 5569 ¹10bi¹ili¹¹00ti⁰¹¹id⁰i³9⁰⁰³'

291 5585 437 5647 castrum
454 5583 608 5646 Lavadiee
619 5599 693 5645 cum
706 5583 915 5660 pertiuentiis
930 5582 1012 5655 suis,
1026 5599 1089 5646 no-
1143 5576 1275 5638 domino
1289 5575 1504 5644 Athenarum,
1517 5569 1659 5634 salutem
1671 5570 1704 5633 θῑ
1715 5559 1897 5644 All0³i⁰¹¹⁰³¹⁰

291 5682 342 5746 bis
357 5682 492 5746 nomine
505 5685 661 5746 Romanae
675 5681 832 5745 Ecclesiae
845 5681 899 5760 pie
912 5680 1045 5744 duxerit
1056 5683 1088 5742 at
1142 5672 1416 5738 benedictionem.
