4066 6294
267 363 304 420 di
874 347 1049 413 HONORII
1070 351 1114 410 ΙΙΙ
1137 347 1284 415 OPERA.

1882 351 1925 416 48

269 541 394 604 Deinde
407 537 668 618 praecedentibus
685 538 719 597 in
737 535 852 597 ordine
868 549 939 605 suo,
959 531 1066 592 domi·
1120 533 1302 610 palmarum
1316 551 1375 596 seu
1393 535 1568 609 frondium,
1589 539 1811 613 Onmipoienr
1825 542 1926 600 bezec
2010 553 2011 570 ³

270 657 333 700 nus
346 643 437 718 Papa
455 639 551 700 nudis
568 635 704 715 pedibus
721 650 796 696 cum
816 631 999 710 psalmodia
1013 645 1067 690 se-
1121 634 1264 694 Cbriste.
1296 634 1356 694 His
1386 633 1500 707 linitis,
1536 633 1656 698 dantur
1681 652 1709 696 e.
1725 635 1925 697 custodibus

268 738 381 816 quitur
397 737 640 814 processionem
657 749 761 810 usque
778 732 819 793 ad
833 729 988 791 Sanctam
1005 729 1067 787 Sa·
1121 729 1238 806 palmae
1256 731 1542 812 :accipientesque
1560 733 1674 811 populi
1693 749 1805 794 ramos
1825 731 1927 794 arbo-

270 835 381 896 binam
391 832 451 914 (1),
461 837 492 896 et
504 835 612 911 ipsum
625 829 782 909 praecedit
795 845 878 890 crux
886 843 957 895 sua,
968 839 1066 903 quam
1121 844 1194 889 rum
1208 828 1382 901 olivarum,
1402 829 1472 891 sive
1490 830 1620 900 florum,
1639 831 1818 894 inchoatur
1830 831 1928 892 anti-

270 935 379 1012 portat
416 948 500 994 unus
533 933 573 993 de
610 927 865 991 subdiaconibus
907 925 1001 996 suis;
1036 923 1068 983 et
1122 926 1243 1003 phona,
1263 931 1374 988 Pueri
1394 931 1634 990 Hebraeorum.
1660 929 1785 990 Deinde
1811 929 1927 989 susci·

272 1048 355 1093 crux
367 1031 472 1092 sancti
486 1031 588 1098 Petri,
603 1044 702 1106 quam
715 1026 823 1104 portat
835 1025 926 1102 prior
939 1021 1068 1082 subdia·
1122 1025 1211 1100 pitur
1242 1041 1262 1085 a
1297 1024 1445 1086 diaconis
1476 1027 1668 1103 praedictum
1700 1027 1926 1104 portatorium

271 1145 373 1190 conus
387 1127 607 1204 regionarius.
623 1129 768 1202 Cumque
781 1121 955 1185 intraverit
967 1119 1069 1180 eccle·
1123 1137 1197 1182 cum
1227 1123 1415 1199 evangelio,
1461 1123 1647 1202 bajulantes
1687 1141 1762 1186 cum
1791 1123 1924 1200 ingenti
2013 1115 2014 1128 ²

271 1228 366 1296 siam,
381 1226 483 1287 intrat
496 1223 774 1295 secretarium,·et
785 1219 1068 1298 mappulariorum
1123 1221 1326 1282 exultatione
1347 1224 1463 1299 jugum
1487 1222 1609 1284 Christi
1638 1239 1750 1291 suave,
1776 1224 1809 1283 et
1837 1238 1927 1283 onus
2014 1278 2015 1300 ,

272 1327 304 1385 et
317 1323 597 1384 cubiculariorum
615 1321 729 1386 schola
746 1318 867 1381 habent
883 1317 930 1378 ibi
948 1331 1069 1392 aquam
1124 1320 1196 1396 ejus
1218 1317 1301 1388 leve,
1322 1319 1527 1396 praecedente
1548 1335 1633 1398 aqua
1652 1320 1827 1382 benedicta
1847 1337 1928 1381 cum
2014 1303 2015 1306 ¹

273 1422 415 1482 calidam
426 1422 576 1500 paratam
589 1419 630 1480 ad
643 1417 822 1480 abluendos
840 1416 939 1494 pedes
951 1413 1067 1491 ipsius.
1124 1416 1331 1478 candelabris
1348 1419 1446 1494 atque
1462 1419 1738 1496 thymiamateriis
1756 1435 1832 1480 cum
1846 1418 1928 1478 aliis

315 1521 363 1580 16.
378 1519 641 1580 Sciendumvero
661 1517 721 1585 est,
731 1515 817 1593 quod
825 1515 860 1574 in
869 1511 1007 1575 introitu
1015 1527 1071 1572 ec·
1125 1515 1326 1576 ornamentis
1342 1539 1348 1576 :
1364 1517 1500 1593 insuper
1512 1518 1611 1578 etiam
1627 1518 1789 1579 laicorum
1807 1515 1928 1578 schola
2015 1507 2016 1518 ’

275 1618 386 1679 clasiae
419 1617 564 1694 acolythi
601 1615 720 1677 debent
752 1613 900 1690 recipere
938 1625 1070 1672 crucem
1126 1628 1200 1673 cum
1223 1613 1356 1674 ramilis
1384 1615 1481 1691 atque
1513 1631 1587 1676 oum
1617 1614 1792 1677 fanonibus
1825 1614 1930 1689 longe

276 1715 382 1776 sancti
395 1715 496 1784 Petri,
511 1715 542 1776 et
555 1715 687 1790 portant
703 1728 806 1788 usque
823 1710 864 1772 ad
878 1709 983 1770 altare
996 1723 1071 1768 cum
1126 1713 1303 1787 praeeunte.
1327 1713 1474 1774 Exeunte
1498 1713 1586 1774 enim
1613 1713 1701 1774 clero
1715 1730 1774 1774 seu
1799 1711 1929 1790 populo

276 1813 487 1874 subdiaconis
507 1812 708 1887 regionariis
734 1808 885 1870 faciendo
907 1807 1069 1868 litaniam.
1127 1809 1167 1870 ab
1180 1809 1332 1880 ecclesia,
1355 1811 1531 1873 inchoatur
1548 1812 1738 1888 antiphona,
1758 1815 1846 1873 Curta
1862 1826 1931 1883 ap-

275 1913 314 1972 nr
333 1910 470 1988 pedibus
490 1909 623 1978 ablutis,
647 1909 800 1970 dominus
819 1910 910 1984 Papa
936 1905 1071 1982 paratus
1124 1911 1376 1983 propinquaret
1404 1911 1530 1983 lesam·
1552 1927 1616 1987 qua
1647 1910 1752 1979 finita,
1788 1907 1931 1970 inchoat

275 2010 316 2070 ad
329 2009 434 2070 altare
447 2007 585 2070 accedit.
601 2008 639 2068 nt
652 2007 753 2066 missa
766 2006 806 2065 de
823 2019 914 2065 more
928 2003 1070 2070 cantata,

277 2106 483 2184 palafredum
503 2104 661 2173 ascendit,
681 2107 713 2164 et
730 2103 771 2162 ad
789 2101 948 2179 palatium
965 2115 1073 2160 rever·

277 2205 369 2266 titur.
890 2210 892 2214 ’

319 2303 633 2381 17.,1)οῐῃὶηἰοευόνο
649 2318 712 2379 qua
720 2299 1013 2362 cantaturLceicrc
1020 2300 1075 2358 Je-

277 2407 440 2474 raesulem,
467 2401 671 2462 camerarius
699 2399 916 2476 repraesentat
943 2395 1075 2458 domino

279 2501 377 2576 Papae
411 2499 445 2558 in
477 2515 608 2560 camera
639 2513 751 2559 rosam
780 2511 916 2557 auream
926 2493 973 2574 (2)
1001 2509 1076 2555 cum

279 2611 393 2658 musco
416 2597 449 2657 et
471 2595 618 2658 balsamo
645 2618 652 2657 :
679 2611 777 2673 quam
808 2593 961 2656 dominus
986 2595 1076 2668 Papa

278 2694 386 2770 portat
405 2695 440 2754 in
459 2709 560 2754 manu
582 2694 715 2770 propria
736 2691 895 2770 usquead
921 2691 1076 2752 Sanctam

278 2793 427 2860 Crucem,
442 2791 498 2853 ubi
511 2809 551 2853 ea
563 2792 616 2852 die
629 2791 724 2852 debet
737 2792 871 2850 missam
885 2789 1053 2850 celebrare
1069 2809 1075 2846 :

279 2891 428 2951 eamdem
442 2889 593 2950 deferens
606 2890 640 2948 in
652 2888 844 2949 reversione
857 2901 916 2946 sua
926 2886 1079 2946 similiter

281 3003 385 3063 usque
399 2987 440 3046 ad
453 2985 561 3046 locum
578 2985 611 3045 in
630 3001 694 3061 quo
713 2983 892 3051 descendit,
915 2981 969 3043 uhi
984 2981 1080 3043 dehet

282 3100 355 3144 esse
369 3083 555 3160 praefectus
579 3084 633 3143 cui
646 3083 797 3144 dominus
815 3085 906 3158 Papa
927 3083 1005 3142 tunc
1025 3080 1080 3142 dat

282 3197 393 3242 rosam
412 3181 529 3258 ipsam,
552 3182 584 3242 et
602 3181 717 3241 eadem
742 3181 794 3240 dia
822 3181 930 3256 portat
948 3179 1079 3240 mitram

282 3279 537 3340 aurifrixiatam.
555 3279 730 3340 Sciendum
743 3279 792 3339 est
809 3277 894 3355 quod
914 3277 985 3354 ipsa
999 3277 1080 3338 hora

283 3393 348 3454 qua
368 3378 571 3438 camerarius
591 3377 807 3454 repraesentat
832 3391 953 3445 rosam,
974 3375 1082 3436 domi-

283 3493 345 3536 nus
359 3479 448 3554 Papa
462 3475 558 3537 debet
572 3476 723 3553 accipere
736 3475 869 3536 mitram
886 3474 1082 3536 aurifrixia-

283 3577 365 3634 tana.

386 3833 441 3893 IX.
455 3829 932 3910 DcDorrrinieoPoimnraon(
956 3830 980 3911 ).

328 4018 376 4078 18.
389 4017 447 4078 Die
471 4015 635 4078 dominica
663 4015 852 4076 Palmarum
877 4009 1084 4090 praeparatur

288 4115 451 4194 quoddam
469 4115 685 4192 portatorium
704 4112 947 4182 honestissime,
969 4109 1083 4186 inquo

287 4215 518 4277 intromittitur
530 4213 679 4276 sanctum
694 4211 920 4288 Evangelium,
935 4208 1021 4286 quod
1037 4209 1085 4268 in·

287 4314 448 4390 telligitur
470 4313 619 4375 Christus
646 4335 652 4372 :
676 4312 708 4372 et
740 4310 896 4372 statuitur
915 4309 950 4368 in
977 4307 1086 4367 eccle-

289 4413 337 4471 sia
348 4411 395 4490 (3)
416 4412 492 4472 ante
512 4427 615 4480 aram,
641 4407 727 4468 unde
742 4407 850 4466 clerus
869 4417 1084 4480 processurus

288 4510 348 4570 est.
370 4509 493 4570 Deinde
513 4504 701 4568 adunantur
720 4504 838 4581 palmae
858 4502 890 4562 et
909 4499 1018 4569 flores,
1034 4499 1086 4559 at-

290 4621 352 4680 quc
365 4605 496 4664 diversa
511 4620 632 4678 genera
650 4599 853 4682 [frondium]
869 4598 996 4661 Dicitur
1009 4611 1086 4657 ora-

288 4696 1086 4774 tio,onztztpoteusocusqurcrithriomriiium

291 4801 388 4860 itoon
406 4800 592 4874 quninum
611 4795 770 4856 nostrum
786 4811 852 4868 pro
875 4797 969 4855 raobis
991 4808 1087 4853 anor-

292 4899 362 4958 icnz
381 4896 520 4971 perpeti
536 4897 681 4956 sineres.
715 4893 870 4968 Sequitur
899 4890 1085 4951 benedictio

327 5045 368 5129 (l)
389 5043 600 5103 Saintesabine
620 5049 663 5099 est
677 5053 781 5097 encore
810 5038 900 5114 eglise
924 5039 1084 5108 stationale,

290 5118 317 5174 le
331 5131 395 5188 pour
410 5116 461 5174 des
475 5115 610 5175 Cendrcs.

328 5188 369 5260 (2)
391 5191 429 5244 La
446 5201 509 5244 rosc
525 5186 597 5255 d’or,
622 5179 784 5240 destineat
804 5196 843 5238 un
866 5180 963 5253 prince
984 5179 1083 5237 catho-

290 5257 449 5332 liqueant
461 5273 498 5314 un
508 5269 688 5330 personnage
698 5253 879 5322 eminent,ou
891 5249 906 5309 a
918 5266 973 5308 une
984 5251 1084 5334 eglise,

291 5339 336 5388 est
355 5329 451 5386 benite
473 5343 509 5384 au
535 5327 625 5399 palais
651 5325 839 5397 apostolique,
859 5321 875 5380 a
897 5324 923 5380 la
945 5323 1085 5391 sacristia,

292 5406 379 5458 avant
392 5401 417 5456 la
434 5411 538 5466 masso,
556 5398 619 5469 puis
633 5391 756 5466 exposta
769 5410 817 5452 sur
832 5394 938 5452 l'autel.

329 5472 369 5544 (a)
392 5471 468 5529 Nihil
494 5469 541 5525 hic
559 5467 661 5524 dicitur
682 5464 717 5521 de
738 5465 857 5523 sabbato
876 5471 942 5522 ante
961 5463 1085 5532 Palmae,

293 5559 349 5618 quo
365 5543 544 5616 potissimum
556 5537 601 5595 die
620 5534 749 5594 Pontifex
761 5537 973 5608 eleemosynam
991 5533 1087 5591 tribuit

293 5617 322 5674 in
336 5615 505 5672 memorium
517 5608 581 5668 iacti
593 5607 689 5666 Mariae
703 5609 809 5664 sororis
820 5607 928 5674 Lazari,
938 5619 1002 5677 quae
1021 5610 1087 5661 ante

293 5703 343 5745 sex
365 5685 427 5742 dies
447 5681 563 5743 Paschae
586 5680 666 5736 unxit
688 5677 775 5750 pedes
795 5677 917 5734 homini.
935 5674 1002 5734 ldeo
1026 5674 1088 5730 baec

293 5757 404 5814 sabbati
419 5755 479 5814 dies
493 5771 509 5810 a
522 5753 639 5812 stottona
649 5749 763 5822 purifico
777 5753 866 5818 cacat,
881 5755 910 5804 ut
925 5745 1010 5806 habet
1025 5747 1085 5804 rut·

1127 2006 1242 2067 schola
1276 2007 1509 2083 antiphonam,
1549 2008 1735 2083 Coepcmcnt
1775 2022 1929 2076 01111103,-

1128 2104 1217 2176 item,
1230 2109 1314 2166 Calan
1326 2107 1494 2178 catalasca·
1508 2105 1597 2174 item,
1607 2105 1928 2180 appropinquante.

1129 2204 1209 2264 Cum
1222 2203 1363 2277 ingressi
1372 2203 1495 2264 fuerint
1505 2204 1625 2264 atrium
1634 2203 1794 2270 ecclesiae,
1803 2201 1933 2262 dicitur

1129 2303 1393 2379 responsorium,
1408 2303 1801 2378 IarqredieriieDonzinO‚·
1826 2301 1928 2371 item,

1131 2401 1358 2476 carroperam
1373 2401 1461 2472 item,
1480 2401 1571 2461 b‘ntas
1590 2401 1705 2462 etima.
1722 2399 1759 2478 (s.
1774 2397 1912 2475 aretem)

1172 2499 1220 2559 19.
1236 2499 1296 2559 His
1316 2498 1429 2570 finitis,
1454 2500 1530 2559 ante
1551 2499 1672 2559 atrium
1695 2497 1845 2559 ecclesiae
1869 2513 1932 2558 seu

1132 2597 1204 2658 loco
1216 2597 1419 2674 competente
1431 2596 1579 2658 subsistit
1587 2597 1701 2658 schola
1711 2613 1783 2658 cum
1796 2595 1931 2657 baculis

1133 2696 1165 2757 et
1172 2696 1301 2773 reliquo
1312 2696 1430 2758 ornatu
1445 2719 1452 2755 :
1469 2695 1501 2756 et
1514 2695 1622 2756 clerus
1636 2711 1695 2757 seu
1708 2693 1848 2772 populus
1862 2711 1931 2754 ex-

1133 2794 1335 2870 spectantia
1357 2795 1429 2855 loco
1449 2793 1538 2867 atrii,
1553 2793 1746 2856 inchoantes
1768 2793 1932 2869 antipho-

1133 2903 1221 2957 nam,
1237 2891 1438 2950 Occurrunt.
1454 2890 1642 2967 Respondet
1654 2889 1766 2950 schola
1779 2905 1855 2949 eum
1868 2903 1935 2948 an-

1133 2987 1282 3063 tiphona,
1293 2989 1376 3048 Cion
1391 2991 1532 3064 alipedis.
1545 2991 1614 3049 Hac
1634 2987 1738 3056 linita,
1753 2986 1935 3048 inchoatur

1135 3101 1154 3146 a
1177 3084 1303 3145 duobus
1324 3086 1513 3147 cantoribus
1533 3086 1667 3162 quidam
1687 3101 1803 3146 versus
1826 3085 1935 3145 Israel

1136 3183 1932 3260 suprascriptumevangeliumsanctumGioriu,

1135 3287 1210 3344 ioris
1222 3284 1255 3344 ci
1270 3287 1378 3344 horror
1398 3284 1456 3344 tihi
1468 3285 1524 3355 sii,
1539 3299 1606 3345 rear
1619 3283 1752 3345 Christe
1770 3285 1937 3355 redemp-

1137 3381 1203 3442 tor.
1217 3384 1263 3443 Eo
1277 3381 1391 3442 ordine
1405 3383 1587 3458 sequuntur
1601 3382 1660 3442 alii
1672 3397 1799 3442 versus.

1175 3482 1225 3540 20.
1243 3481 1302 3542 His
1320 3479 1433 3548 linitis,
1447 3479 1563 3557 incipit
1587 3479 1699 3540 schola
1717 3495 1791 3540 eum
1803 3477 1936 3560 baculis

1137 3571 1362 3656 antiphonam,
1384 3580 1495 3639 Pueri
1521 3581 1750 3640 Hebraeorum
1769 3593 1780 3635 .·
1796 3575 1827 3636 ei
1854 3576 1936 3635 tunc

1137 3677 1316 3754 prosternit
1337 3677 1443 3738 omnis
1457 3675 1547 3752 plebs
1556 3675 1633 3736 hinc
1642 3675 1718 3735 inde
1727 3673 1860 3735 frondes
1873 3690 1938 3734 seu

1138 3775 1248 3844 tiores,
1271 3775 1483 3835 decantantes
1508 3774 1740 3850 antiphonam,
1764 3775 1938 3833 Horonon

1137 3876 1224 3934 Filio
1236 3875 1357 3939 Deoid,
1372 3887 1475 3947 usque
1491 3869 1531 3931 ad
1545 3870 1649 3932 altare
1664 3892 1671 3928 z
1687 3870 1719 3931 et
1740 3869 1787 3928 sic
1808 3869 1940 3928 intrant

1138 3970 1179 4030 ad
1206 3970 1352 4030 missam.
1376 3968 1520 4030 blinistri
1547 3985 1626 4029 tero
1662 3966 1774 4029 tenent
1806 3965 1939 4042 palmas

1139 4084 1242 4145 usque
1257 4067 1298 4128 ad
1312 4067 1563 4143 completionem
1577 4065 1698 4125 missae.
1711 4061 1940 4124 intermittunt

1139 4166 1243 4243 aliqui
1262 4166 1493 4227 salutationem
1513 4165 1548 4224 in
1567 4163 1738 4231 Passione,
1753 4160 1785 4221 id
1799 4159 1849 4221 est
1863 4163 1939 4220 Do-

1138 4267 1446 4331 mina-scoticanae,
1464 4262 1549 4338 quod
1564 4277 1631 4321 non
1649 4260 1771 4335 legitur
1783 4259 1817 4319 in
1833 4256 1938 4317 Ordi-

1139 4362 1247 4430 nibus,
1265 4361 1321 4423 sed
1343 4361 1378 4421 in
1392 4363 1576 4421 Parasceve
1590 4358 1729 4425 tanturn,
1744 4355 1800 4416 ubi
1815 4354 1941 4415 retice-

1140 4460 1193 4520 tur
1207 4461 1350 4524 odicium
1364 4455 1580 4520 sacerdotale.

1164 4637 1205 4694 X.
1228 4637 1277 4695 De
1289 4636 1380 4706 scria
1392 4631 1519 4703 nicorio
1530 4631 1675 4702 racionis
1687 4628 1914 4688 hebdomadae.

1179 4788 1228 4848 21.
1243 4785 1338 4848 Feria
1350 4781 1467 4861 quarta
1478 4781 1613 4859 majoris
1629 4777 1841 4840 hebdomadae
1854 4775 1940 4836 hora

1140 4875 1941 4961 tertiaprocedithpostolicuscumomnicleroseu

1140 5043 1225 5108 gatus
1246 5034 1393 5101 dicamus,
1411 5047 1467 5088 non
1486 5036 1580 5087 tumen
1598 5045 1616 5085 c
1635 5027 1816 5085 celebratione
1834 5023 1939 5090 mbae,

1141 5121 1204 5179 quaa
1214 5121 1249 5162 ex
1260 5102 1485 5178 praecedentibus
1499 5100 1577 5157 feriis
1587 5099 1733 5171 repetitur.
1746 5100 1786 5153 he
1797 5094 1939 5178 formento

1140 5177 1242 5236 eodem
1273 5174 1319 5231 dic
1334 5172 1526 5231 distribuendo
1543 5172 1609 5242 lege
1630 5172 1861 5234 commentorium
1881 5178 1933 5220 no·

1140 5257 1241 5331 strunt.
1253 5249 1313 5328 lloc
1327 5252 1412 5318 caput
1421 5258 1486 5300 oum
1501 5248 1638 5314 sequente
1653 5240 1682 5297 iu
1695 5239 1756 5297 solo
1770 5236 1868 5294 codice
1888 5249 1935 5292 re·

1141 5332 1513 5460 gl(tillimllnliftilrlrltsentendre
1536 5383 1573 5466 ici
1585 5377 1935 5465 'Salui-leandebatran.

1141 5461 1214 5518 tl'est
1235 5453 1446 5516 maintcnantt
1468 5455 1494 5511 la
1511 5453 1649 5580 hasrhquo
1671 5454 1810 5511 Vaticana
1834 5463 1890 5520 que
1910 5449 1938 5504 lo

1142 5535 1218 5605 Pape
1229 5530 1307 5588 benit
1319 5535 1348 5585 et
1361 5526 1497 5585 distribue
1510 5526 1553 5582 les
1564 5539 1598 5597 pa
1612 5538 1681 5582 mes.
1697 5525 1775 5580 Dans
1787 5521 1813 5579 la
1824 5534 1937 5592 proces·

1141 5603 1216 5671 sion,
1232 5597 1456 5658 l'ambassadeur
1470 5596 1505 5653 de
1521 5599 1638 5662 Franoe,
1655 5600 1754 5651 tenant
1773 5594 1798 5650 la
1813 5590 1938 5663 palmea

1141 5674 1166 5730 ln
1181 5674 1270 5741 main,
1284 5669 1399 5728 marche
1414 5683 1450 5728 en
1464 5669 1519 5724 tite
1534 5666 1572 5724 du
1586 5681 1669 5738 corps
1685 5663 1899 5736 diplomatique.
