4004 6302
473 345 517 408 ln
540 346 878 421 Qonnlaasnsliin.
902 353 1105 416 nciliillcn
1128 355 1329 420 SECUNDA.
1664 364 1725 427 758

445 541 516 629 XV
928 513 1107 592 synagogis
1120 531 1246 580 eorum.
1269 517 1310 580 nt
1331 517 1412 581 lieet
1431 519 1588 596 parentes
1600 519 1722 584 Christi

787 669 796 676 .
928 613 1105 686 emtionis
1130 615 1239 677 16111611
1261 615 1520 680 stantinlittera
1537 619 1722 696 quaerentes

61 746 236 808 nonnul
259 747 452 811 seucum
472 749 518 809 ru
545 715 873 823 QUADRAGESIMA
928 726 1092 868 suffles
1107 711 1235 774 ⁸⁴¹0¹¹¹¹¹
1249 714 1387 776 intrant.
1690 816 1697 828 ,

1007 825 1033 868 n
1058 809 1091 871 et
1111 810 1305 872 recumbunt
1327 813 1361 873 et
1382 811 1548 890 frangunt,
1570 813 1627 875 sed
1643 831 1722 891 quia

99 908 312 982 Ass-tampsii
335 911 437 970 lesam
461 909 626 982 Petrum,
649 913 811 974 laconum
838 911 872 973 ei
927 903 1041 966 dicunt
1063 905 1096 968 et
1117 921 1183 967 non
1205 906 1342 996 iaciunt,
1362 925 1429 970 non
1456 909 1662 983 reficiuntur,
1684 912 1721 974 ut

57 1007 246 1066 Joaaaaaem
273 1006 422 1080 fratrem
447 1009 523 1079 ejus
548 1007 582 1068 et
613 1010 715 1070 demit
739 1012 813 1071 idos
834 1013 872 1072 an
926 1003 1006 1063 mali
1026 1003 1212 1077 christiani,
1229 1005 1286 1082 qui
1303 1005 1426 1068 honum
1442 1008 1575 1085 quidem
1590 1009 1720 1070 intelli·
1759 1075 1764 1084 ,

56 1102 228 1163 moralem
250 1107 424 1164 amoenam
443 1118 602 1166 scorsum
623 1106 657 1166 ei
683 1107 873 1182 transitqu-
925 1102 1018 1176 gunt,
1046 1101 1104 1163 sed
1132 1103 1218 1164 male
1244 1103 1369 1166 vivunt.
1401 1105 1484 1178 Quia
1515 1121 1590 1167 cum
1620 1106 1719 1170 homo

57 1200 170 1260 ratiis
185 1201 242 1262 est
260 1201 340 1262 ante
362 1215 420 1262 cos
439 1199 569 1281 (Matth.
588 1218 673 1276 xvn,
691 1201 737 1284 2).
925 1201 1024 1261 natus
1046 1200 1090 1262 sit
1111 1198 1153 1262 ad
1177 1200 1335 1275 laborem,
1352 1218 1420 1264 non
1441 1202 1603 1276 laborant,
1619 1205 1653 1266 et
1670 1205 1718 1266 ita

98 1299 141 1357 Iu
173 1297 471 1375 transfiguratione
504 1299 636 1362 Domini
663 1301 769 1364 nostri
791 1304 871 1364 Jesu
925 1296 989 1358 isto
1011 1313 1097 1375 pane
1116 1314 1183 1360 non
1202 1299 1412 1373 reficiuntur,
1429 1301 1526 1378 juxta
1548 1301 1628 1361 illud
1647 1322 1655 1360 :
1676 1305 1720 1364 ln

57 1395 198 1458 Christi
215 1396 360 1476 quinque
375 1397 453 1458 sunt
466 1398 676 1472 attendenda,
690 1400 868 1464 videlicet:
924 1397 1050 1457 sudore
1072 1397 1187 1458 aulius
1208 1397 1260 1458 ini
1281 1401 1431 1466 vesceris
1442 1413 1535 1471 ponc
1548 1398 1606 1460 teo
1622 1396 1717 1477 (Gen.

56 1509 182 1554 coram
192 1494 573 1572 quihustranstiguratus
587 1497 868 1576 sit,ubi‚quand0‚
923 1507 974 1564 111,
988 1493 1716 1574 19101ῑᾶ81ᾶίῦθΐθῑεῦἰὶφῑὶὃῑωῒὶΠῙᾶῙὶῡΐθι

56 1593 89 1651 et
105 1591 293 1668 quomodo,
305 1593 338 1655 et
352 1591 429 1670 quid
444 1593 479 1652 in
493 1593 785 1670 transfiguratione
799 1595 872 1658 dic-
924 1589 1119 1652 reficiuntur
1132 1591 1197 1654 isto
1212 1608 1308 1668 pane.

51 1689 126 1749 tum
142 1689 206 1751 sit.
435 1693 438 1698 ’
963 1688 1030 1750 Alii
1048 1691 1082 1752 et
1106 1689 1302 1752 recumbunt
1326 1691 1359 1752 et
1383 1691 1556 1768 frangunt,
1582 1691 1615 1754 et
1638 1691 1717 1769 quia

97 1787 382 1863 Transfiguratus
412 1790 464 1851 est
490 1805 605 1852 coram
630 1791 737 1853 mnus
766 1790 870 1853 disci·
923 1787 958 1847 in
971 1787 1087 1849 auditu
1101 1787 1372 1862 aurisohediunt‚
1385 1789 1463 1850 dum
1483 1791 1560 1852 sunt
1573 1789 1716 1852 factores

52 1883 149 1961 pulis
177 1887 313 1958 :Petro
335 1887 501 1960 videlicet,
524 1887 648 1951 iaccho
670 1893 703 1951 et
725 1892 866 1952 icauna.
922 1884 1015 1946 verbi
1037 1887 1070 1946 61
1092 1901 1159 1948 non
1181 1885 1361 1958 auditores,
1381 1887 1510 1948 tantum
1528 1887 1717 1950 medulliter

54 1986 141 2043 'ires
160 1983 222 2046 isti
238 1983 392 2061 discipuli
421 1985 612 2061 significant
637 1987 706 2049 tres
733 1988 867 2050 ordines
921 1982 1128 2046 reficiuntur.
1145 1982 1385 2046 infortitudine
1408 1985 1505 2062 panis
1526 1984 1618 2044 illius
1638 1999 1714 2046 am-

54 2080 217 2144 fidelium
233 2082 380 2158 quisunt
402 2084 438 2144 in
460 2085 609 2146 Ecclesia
626 2085 685 2146 Dei
703 2107 710 2146 :
727 2101 867 2164 quorum
920 2082 1049 2145 halavit
1061 2082 1174 2144 Helias
1189 2081 1410 2160 quadraginta
1423 2082 1493 2143 dies
1514 2083 1547 2144 et
1566 2081 1714 2160 quadra-

54 2179 116 2239 alii
145 2181 231 2242 sunt
257 2180 486 2254 ecclesiastici,
509 2181 568 2243 alii
589 2182 680 2252 laici,
705 2183 765 2244 alii
786 2199 865 2245 vero
920 2181 1014 2258 ginta
1037 2181 1151 2242 noctes
1174 2195 1277 2257 usqua
1303 2179 1345 2240 ad
1369 2181 1513 2242 montem
1537 2180 1596 2241 Dei
1615 2179 1712 2242 Oreb.

55 2277 232 2354 religiosi.
247 2278 364 2340 Petrus
377 2293 519 2356 namque
534 2280 591 2357 qui
607 2295 795 2357 canescens
809 2282 866 2344 in·
920 2279 961 2341 nt
974 2295 1134 2354 neserga
1149 2277 1280 2353 iratres,
1298 2276 1466 2340 contracta
1488 2277 1584 2351 testa,
1598 2277 1716 2342 reiecti

56 2375 318 2452 interpretatur,
344 2376 509 2453 significat
536 2377 783 2442 ecclesiasticos
809 2395 867 2440 sa·
919 2377 1066 2438 medulla
1092 2375 1187 2438 verbi
1214 2375 1286 2444 Dei,
1310 2376 1347 2436 in
1378 2375 1443 2438 isto
1463 2376 1612 2453 tempore
1637 2375 1715 2438 ritae

56 2473 197 2549 pientes
221 2473 258 2533 in
278 2473 428 2536 doctrina
451 2475 522 2549 Dei,
552 2476 588 2536 in
615 2475 733 2554 quihus
759 2476 865 2538 divini
919 2474 1092 2552 praesentis
1106 2473 1224 2536 fortius
1246 2472 1463 2544 ambulemus
1477 2473 1513 2534 ut
1532 2472 1567 2532 in
1581 2471 1716 2534 tortitu-

56 2571 163 2632 rerbi
176 2571 328 2644 scientia,
346 2573 379 2635 et
399 2573 460 2634 Dei
481 2574 636 2650 cognitio,
653 2575 760 2651 magis
774 2575 865 2652 viget
918 2572 995 2634 dine
1008 2575 1079 2651 ejus
1093 2586 1197 2648 usque
1211 2569 1252 2632 ad
1268 2571 1413 2632 montem
1427 2570 1487 2631 Dei
1501 2569 1587 2632 Oreb
1603 2567 1715 2632 valeat

58 2685 167 2745 quam
193 2670 229 2730 in
255 2670 343 2742 aliis,
370 2671 448 2748 quia
476 2687 555 2734 caro
577 2673 610 2734 et
633 2673 770 2750 sanguis
797 2690 863 2736 non
918 2671 1032 2732 nostra
1060 2669 1213 2732 debilitas
1248 2667 1433 2746 pervenire.
1471 2667 1534 2729 Ubi
1567 2667 1624 2728 ille
1654 2665 1712 2744 qui

57 2767 231 2829 revelarit
258 2767 318 2840 eis,
345 2768 402 2830 sed
417 2771 575 2830 Dominus
597 2771 706 2845 Pater,
732 2772 865 2848 quiesi
917 2769 1071 2846 apparuit
1097 2767 1203 2844 Moysi
1227 2766 1262 2828 in
1288 2765 1364 2828 rubi
1393 2765 1513 2843 speeie,
1535 2762 1631 2826 nobis
1651 2778 1713 2840 ap·

57 2864 92 2924 in
108 2865 213 2937 coelo,
228 2867 284 2942 qui
299 2866 356 2928 det
369 2865 521 2928 omnibus
536 2867 723 2942 affluenter,
744 2871 778 2931 et
796 2887 862 2932 non
918 2867 1033 2945 pareat
1047 2866 1273 2943 inmajestate,
1285 2865 1318 2927 et
1333 2864 1381 2926 sic
1393 2877 1566 2925 curramus
1577 2877 1636 2938 per
1648 2861 1713 2924 sta-

58 2963 281 3040 improperat‚
305 2965 381 3042 quia
402 2965 473 3042 ipse
496 2966 596 3029 hahet
617 2967 743 3028 clavem
758 2969 862 3029 David
917 2966 1019 3038 dium,
1031 2966 1067 3027 ut
1081 2964 1123 3025 ad
1134 2962 1286 3026 bravium
1297 2961 1470 3038 pervenire
1483 2959 1658 3037 possimus.

59 3077 139 3138 quae
156 3061 307 3138 aperitet
320 3078 416 3124 nemo
431 3063 565 3136 claudit,
581 3065 704 3127 claudit
719 3066 751 3127 at
765 3082 862 3128 nemo
959 3066 1045 3139 Ergo
1060 3078 1127 3123 non
1150 3063 1185 3123 in
1207 3061 1277 3122 solo
1292 3075 1378 3137 pane
1391 3058 1474 3121 vivit
1488 3058 1586 3119 homo
1601 3055 1711 3118 sedin

59 3160 182 3236 aperit.
210 3160 368 3221 Dominus
396 3159 495 3222 hahet
515 3162 643 3224 clavem
668 3163 738 3236 Dei,
764 3164 860 3238 idest,
917 3162 1008 3224 omni
1022 3160 1123 3223 verbo
1138 3159 1224 3238 quod
1236 3157 1385 3236 procedit
1398 3173 1441 3218 ex
1456 3171 1513 3218 ore
1528 3155 1599 3217 Dei.
1617 3153 1712 3217 Unde

59 3257 198 3318 modum
213 3260 271 3319 aut
286 3258 436 3335 regulam
458 3261 645 3337 exponendi
665 3261 860 3339 scripturas.
917 3260 1058 3336 legimus
1077 3258 1163 3336 quod
1178 3258 1229 3320 ter
1252 3255 1438 3318 dictumest
1463 3255 1583 3316 Petro:
1600 3258 1711 3315 Pasce

59 3356 139 3433 Ipse
153 3356 263 3432 aperit
282 3373 378 3418 sacra
399 3358 557 3434 mysteria
575 3357 694 3436 quihus
706 3360 858 3432 voluerit,
917 3373 997 3418 oves
1023 3371 1121 3417 meas
1142 3353 1252 3433 (ioan.
1278 3369 1349 3425 xxr,
1377 3351 1440 3431 17),
1461 3367 1561 3428 pasce
1583 3349 1708 3422 verbo,

60 3457 91 3515 et
117 3469 218 3515 nemo
241 3454 377 3526 claudit,
395 3455 491 3527 idest,
507 3456 619 3516 nullus
639 3457 737 3517 homo
754 3459 863 3535 potest
917 3446 1711 3531 pasceexemp10‚pasoepatroeinio.Nonnequod

60 3551 219 3614 claudere
242 3567 377 3614 sensum
401 3554 455 3614 cui
478 3554 637 3615 Dominus
661 3555 801 3631 aperuit.
822 3555 864 3617 nt
916 3551 1105 3613 dictumest
1120 3549 1229 3620 Petro,
1251 3548 1374 3609 dietum
1399 3548 1450 3608 est
1463 3545 1615 3607 omnihus
1631 3560 1710 3605 suc-

61 3650 253 3726 quomodo?
279 3651 362 3722 Quia
393 3667 460 3713 non
492 3652 543 3713 est
567 3652 727 3725 volentis,
755 3668 861 3731 neque
916 3647 1105 3712 caesoribus
1120 3645 1387 3724 ejusiOmnibus
1407 3643 1548 3705 dataest
1562 3639 1708 3720 potestas

61 3750 245 3821 currentis,
262 3749 319 3810 sed
335 3749 523 3811 miserentis
536 3751 607 3811 Dei.
632 3751 684 3811 illi
705 3751 789 3812 tales
802 3767 863 3828 po-
916 3747 1043 3822 ligandi
1062 3747 1160 3823 atque
1180 3742 1341 3816 solvendi,
1359 3741 1510 3804 omnibus
1534 3739 1712 3802 commissa

59 3845 176 3922 pulum
201 3846 262 3907 Dei
287 3848 427 3923 pasc-unt
450 3865 535 3924 pane
562 3848 741 3925 spirituali,
762 3849 859 3922 idest,
916 3845 967 3907 est
981 3860 1061 3907 cura
1077 3840 1463 3906 etsollicitudoomnium
1481 3839 1708 3910 ecclesiarum,

59 3943 163 4004 uerbo
184 3944 445 4020 praedicationis
469 3945 547 4022 quia
575 3947 661 4008 sicut
682 3946 803 4007 dicitur
827 3947 861 4008 in
916 3945 952 4004 ut
980 3942 1136 4004 mandata
1170 3941 1231 4002 Dei
1257 3939 1414 4018 populum
1441 3938 1583 3999 doceant
1609 3935 1711 3997 verbo

60 4041 244 4118 Evangelio
264 4045 366 4105 :Nou
381 4047 418 4104 ila
440 4049 509 4105 solo
525 4059 617 4118 perae
640 4045 728 4105 vivit
749 4049 859 4117 izemo,
917 4039 1162 4118 praedicationis
1186 4038 1219 4100 et
1241 4036 1394 4113 exemplo
1412 4034 1491 4095 honi
1507 4033 1618 4111 operis
1634 4049 1710 4094 eum

60 4143 121 4199 sed
130 4143 166 4199 in
180 4143 277 4200 cnaei
288 4143 390 4202 ocroo
405 4144 493 4214 quod
505 4142 659 4216 procedit
672 4157 717 4203 ccc
728 4155 788 4203 oro
797 4145 862 4203 Dei
916 4137 1066 4216 pascant,
1083 4137 1115 4198 et
1128 4153 1186 4213 pro
1201 4135 1346 4213 peccatis
1359 4149 1473 4194 eorum
1486 4130 1527 4192 ad
1538 4133 1641 4191 Deum
1656 4130 1712 4190 in-

62 4235 196 4312 (ilattli.
225 4253 271 4309 rv,
298 4236 361 4318 14).
384 4239 477 4299 Unde
501 4238 623 4316 legitur
639 4240 674 4300 in
689 4240 859 4302 ieremia:
915 4236 1096 4299 tercedant.
1125 4232 1218 4295 Unde
1236 4249 1311 4294 cum
1338 4229 1497 4292 Dominus
1520 4227 1712 4305 loqueretur

59 4339 211 4396 Paroraia·
220 4336 401 4409 petierunt
410 4352 549 4412 palione,
568 4338 602 4399 ei
617 4353 686 4399 laon
709 4338 787 4400 croi
803 4341 862 4412 paci
916 4334 1069 4397 omnihus
1087 4330 1253 4409 Apostolis
1279 4328 1433 4390 similiter
1458 4327 1506 4389 ait
1528 4343 1536 4382 ι
1558 4329 1711 4392 duorum

60 4433 245 4510 truncaret
268 4437 318 4494 cis
342 4431 478 4513 (Thren.
505 4450 549 4507 rr,
575 4433 621 4514 4).
644 4435 692 4496 Ad
713 4451 861 4497 mensam
916 4432 1126 4495 remiseritis
1149 4428 1294 4505 peccota
1317 4426 1548 4489 reneiiiuutur
1578 4426 1644 4495 eis,
1668 4421 1711 4484 *ei

61 4530 159 4591 istius
186 4530 285 4607 panis
313 4532 447 4608 quidam
476 4548 537 4594 nee
564 4531 771 4606 recumbunt,
801 4549 862 4595 nec
916 4546 1100 4606 cutoriam...
1125 4526 1235 4608 (Joan.
1252 4543 1310 4599 xx,
1324 4523 1390 4604 23).
1407 4526 1487 4585 Cum
1514 4521 1625 4583 autem
1646 4517 1709 4580 soli

61 4629 233 4705 frangunt,
247 4643 308 4690 nec
322 4631 528 4704 reficiuntur,
541 4631 577 4693 ut
588 4631 730 4708 gentiles
743 4631 861 4709 quibus
917 4631 1016 4691 Petro
1037 4628 1166 4690 locutus
1190 4625 1288 4696 esset,
1306 4622 1390 4684 dixit
1407 4644 1414 4682 :
1429 4623 1665 4692 Quodcumque
1674 4619 1712 4678 li-

62 4743 128 4787 non
142 4727 221 4789 sunt
232 4727 356 4790 tradita
372 4729 504 4806 eloquia
515 4730 585 4790 Dei.
596 4732 670 4790 Non
683 4730 773 4791 enim
785 4729 863 4792 iecit
915 4730 1057 4804 caveris
1069 4740 1176 4800 super
1189 4725 1333 4794 terram,
1361 4722 1430 4781 erit
1452 4719 1596 4796 lisoium
1619 4715 1653 4778 ct
1673 4717 1712 4776 in

63 4823 176 4887 taliter
188 4825 280 4886 omni
291 4826 430 4899 nationi,
448 4826 481 4889 et
490 4827 619 4906 judicia
634 4843 694 4890 sua
709 4844 776 4890 non
790 4843 863 4889 ma·
916 4829 1019 4898 coelis,
1048 4825 1082 4885 ei
1109 4825 1341 4896 pennarumque
1366 4821 1546 4880 sciveris...
1578 4812 1709 4894 (Matth.

66 4923 239 4985 niiestarit
253 4923 313 4985 eis.
916 4939 985 4997 xvr,
1003 4920 1067 5002 19).
1082 4916 1327 4996 Ostenditquod
1339 4913 1569 4978 caeterivocati
1585 4910 1711 4974 suntin

103 5022 244 5094 Quidam
266 5021 463 5084 recumbunt
477 5023 518 5084 ad
534 5037 682 5084 mensam
697 5023 792 5085 istius
807 5039 863 5100 pa·
916 5021 1044 5098 partem
1055 5014 1402 5088 sollicitudinis‚solus
1413 5014 1523 5074 autem
1532 5012 1651 5078 Petrus
1661 5025 1713 5070 as·

63 5119 125 5192 nis,
142 5120 202 5181 sed
215 5120 294 5197 quia
310 5136 376 5181 non
391 5120 558 5196 frangunt,
575 5137 641 5182 non
653 5121 859 5194 reficiuntur,
917 5118 1067 5195 sumptus
1078 5117 1128 5178 est
1142 5116 1178 5176 in
1191 5113 1431 5193 plenitudinem
1437 5108 1620 5188 potestatis,
1631 5105 1710 5184 quia

65 5218 221 5280 utJudaei
235 5217 406 5295 dequibus
420 5219 839 5295 scriptumestinieremia
853 5241 860 5280 ι
918 5215 1126 5294 soluspotest
1138 5215 1244 5290 ligare
1258 5214 1408 5283 caeteros,
1425 5208 1481 5270 sed
1510 5222 1577 5268 non
1602 5203 1711 5283 potest

64 5320 210 5377 Parvuli
229 5317 407 5390 potiemini
418 5332 557 5391 panem,
575 5318 608 5378 ai
623 5332 692 5378 noa
712 5318 791 5379 erat
804 5321 863 5391 qui
917 5316 1051 5392 liparia
1067 5312 1208 5376 caeteris.

64 5415 245 5492 i'i'aiiyerei
259 5417 309 5476 eis
327 5411 461 5494 (Thran.
480 5431 524 5487 iv,
540 5413 586 5493 4).
611 5415 752 5492 ideoque
767 5414 862 5492 quasi
956 5413 1099 5476 lacobus
1114 5425 1193 5472 vero
1220 5404 1276 5487 qui
1296 5405 1533 5482 interpretetur
1548 5401 1712 5478 supplan-

64 5511 153 5573 fatua
189 5511 348 5574 animalia
381 5515 498 5589 jejuna
531 5511 619 5574 stant
646 5512 687 5574 ad
715 5528 863 5590 praesepe
917 5513 1015 5583 tator,
1031 5507 1309 5586 significatlaicos
1322 5505 1379 5582 qui
1392 5496 1708 5582 quotidielahorant,

66 5627 167 5687 usque
191 5609 302 5671 hodie.
318 5611 469 5688 Namque
481 5611 634 5672 velamen
654 5611 799 5688 positum
814 5610 864 5672 est
918 5610 950 5672 61
965 5624 1024 5686 pro
1042 5607 1169 5670 viribus
1196 5603 1349 5666 nituntur
1363 5601 1532 5680 proximos
1547 5595 1709 5673 supplan-

68 5724 165 5785 super
188 5723 247 5770 cor
272 5723 397 5782 eorum,
422 5707 498 5769 dum
524 5707 644 5785 legitur
670 5709 801 5787 Moyses
827 5707 862 5770 in
917 5709 988 5771 tare
1003 5706 1036 5770 et
1056 5704 1219 5783 decipere.
1236 5703 1296 5766 Vel
1318 5717 1377 5780 per
1402 5698 1560 5764 iacobum
1582 5691 1712 5770 signiti-
