3988 6302
79 381 139 443 361
575 383 733 458 QUINTA
754 381 1016 444 COMPILATIO.
1041 383 1165 447 Lteuh
1186 383 1224 444 V.
1667 392 1730 454 362

83 543 209 603 Senon.
230 539 385 604 oltloialis
402 541 534 608 Nicolai
548 543 699 621 praedicti
718 545 878 621 cognatus
933 543 1286 606 excommunicationis
1319 547 1352 607 et
1382 544 1551 610 interdicti
1579 547 1728 628 prolerre

81 638 201 700 eadem
221 638 473 701 interlocutoria
488 656 548 718 pro
563 654 632 702 suae
647 640 809 703 duntaxat
826 656 880 702 vo·
934 640 1131 712 sententias,
1152 656 1192 704 eo
1211 641 1298 720 quod
1323 633 1423 721 super
1446 643 1509 708 boc
1527 649 1727 723 apostolica

79 735 222 798 luntatis
254 735 393 798 arbitrio
421 737 592 811 revocata,
625 739 811 801 decreverit
837 737 877 799 ad
936 737 1030 798 Sedis
1045 737 1230 815 privilegiis
1245 741 1311 803 sint
1325 743 1456 816 muniti,
1473 744 1509 804 in
1524 745 1649 824 eosqui
1661 763 1729 812 mo·

79 849 178 910 opuS,
193 833 254 896 sub
271 835 426 896 cautione
439 835 479 897 de
490 835 698 899 demoliendo
716 837 800 914 ipso,
812 851 878 896 non
933 834 1006 896 lunt
1027 837 1062 896 in
1081 835 1291 912 molendinis,
1314 841 1367 902 vel
1388 843 1533 920 coquunt
1558 844 1593 904 in
1619 844 1726 908 turnis

78 931 239 992 admissis
265 947 380 994 comm
408 932 669 1010 probationibus,
696 934 879 1012 proceden-
934 949 1059 1008 eorum,
1077 936 1199 1014 quique
1218 938 1401 1012 vendendo,
1419 956 1478 1002 seu
1499 942 1649 1015 emendo,
1669 946 1728 1006 aut

77 1029 172 1102 dum,
187 1029 338 1107 praedicti
353 1031 507 1094 canonici
518 1032 664 1096 nostram
675 1032 878 1096 audientiam
933 1031 1017 1092 alias
1033 1033 1080 1094 eis
1092 1036 1347 1110 communicant,
1362 1039 1543 1102 sententias
1556 1039 1728 1117 proterunt

78 1125 314 1205 appellarunt:
331 1128 787 1208 undepetebantutipsorum
798 1145 878 1207 pro·
932 1131 1143 1206 memoratas,
1174 1135 1207 1196 et
1230 1135 1280 1195 sic
1300 1136 1566 1212 Apostolicorum
1585 1139 1726 1215 privila-

76 1224 234 1287 bationes
268 1225 386 1304 recipi,
423 1241 462 1290 ac
496 1226 666 1305 prohiberi
701 1227 879 1290 aediticium
931 1225 1062 1302 giorum
1090 1246 1156 1292 non
1180 1215 1248 1293 v'im
1274 1233 1307 1296 et
1330 1233 1540 1310 potestatem,
1571 1237 1628 1299 sed
1655 1237 1727 1300 sola

76 1322 327 1386 mandaremus.
352 1323 496 1402 Ideoque
518 1325 600 1388 disc.
625 1341 657 1388 r.
683 1339 742 1403 per
762 1325 874 1403 Apost.
931 1324 1033 1388 rerba
1062 1330 1245 1402 sementes,
1275 1327 1356 1392 dicti
1387 1331 1514 1394 ordinis
1547 1333 1727 1396 monachos

75 1419 207 1498 scripta
220 1419 427 1494 mandamus,
442 1423 617 1499 quatenus,
630 1423 660 1483 si
676 1423 728 1484 est
746 1423 805 1493 ita,
822 1437 877 1484 re·
932 1422 1172 1500 quodammodo
1190 1429 1489 1502 excommunicant,
1502 1431 1579 1492 dum
1590 1432 1639 1493 eis
1650 1432 1727 1494 aliis

75 1517 198 1578 vocato
224 1516 260 1578 in
288 1515 410 1579 statum
439 1517 584 1580 debitum
618 1517 776 1596 quidquid
803 1516 877 1594 post
931 1522 1176 1584 communicare
1187 1540 1254 1586 non
1264 1525 1387 1588 sinunt.
1403 1529 1453 1588 Ex
1463 1529 1618 1606 quoillud
1629 1529 1728 1592 etiam

75 1613 337 1690 appellationem
364 1613 554 1693 hujusmodi
583 1616 707 1678 temere
736 1616 877 1678 invene·
931 1619 1042 1680 evenit
1054 1618 1306 1692 inconvenieus,
1323 1623 1359 1684 ut
1368 1624 1433 1701 ipsi
1448 1626 1614 1700 monachi,
1627 1643 1729 1705 quan-

75 1711 155 1772 ritis
181 1711 376 1774 attentatum
401 1728 502 1790 super
528 1713 606 1786 boc,
637 1715 723 1791 quod
746 1715 875 1791 justum
929 1715 998 1776 tum
1014 1716 1055 1778 ad
1077 1716 1150 1792 boc,
1169 1719 1362 1796 judicentur
1373 1721 1501 1798 judicio
1521 1723 1724 1796 ludaeorum,

75 1808 191 1881 suerit,
204 1809 426 1887 appellatione
441 1811 622 1888 postposita
638 1812 803 1875 statuatis.
816 1813 876 1874 Fa·-
929 1813 962 1874 et
976 1813 1032 1890 qui
1050 1815 1099 1875 eis
1114 1817 1361 1879 communicant
1374 1819 1410 1879 in
1424 1821 1603 1896 praedictis,
1620 1825 1727 1900 majo-

74 1906 217 1979 cientes,
231 1907 293 1969 etc.
308 1904 368 1987 (1).
929 1925 998 1972 rem
1022 1914 1399 1978 excommunicationem
1416 1917 1601 1992 incurrant,
1626 1935 1726 1996 quam

928 2009 1029 2070 etiam
1049 2012 1343 2074 excommunicatis
1356 2015 1630 2078 communicando
1651 2016 1727 2080 tue-

312 2071 530 2166 TITULUS
562 2077 637 2165 XII
754 2173 756 2178 ,
928 2107 1004 2167 rant
1017 2107 1198 2170 incursuri.
1215 2110 1375 2173 Nolentes
1390 2111 1494 2187 igitur
1508 2113 1580 2174 haec
1600 2114 1727 2176 crebris

928 2203 970 2265 ad
982 2219 1043 2266 nos
1056 2205 1258 2269 clamoribus
1268 2210 1339 2285 jam
1355 2209 1494 2286 perlata,
1506 2211 1649 2272 ulterius
1664 2212 1725 2274 sub

928 2297 1175 2365 disimulatione
1194 2304 1357 2380 transire;
1382 2305 1476 2368 robis
1503 2309 1669 2370 universis
1694 2307 1727 2372 et

928 2399 1070 2474 singulis
1097 2399 1311 2475 mandamuS,
1340 2405 1502 2481 quatenus
1536 2405 1726 2483 hujusmodi

71 2488 372 2562 archiepiscopis,
404 2488 438 2550 et
468 2491 634 2563 episcopia
659 2491 696 2549 tn
727 2503 874 2563 pererrare
928 2497 1109 2558 sententias
1137 2497 1173 2558 ln
1197 2497 1348 2560 fraudem
1371 2501 1621 2579 privilegiorum
1646 2517 1725 2566 nos-

115 2587 317 2646 dioeceaibus
334 2585 558 2659 recreatore,
577 2585 610 2646 ct
627 2588 808 2660 peroratur
824 2585 872 2668 (a)
927 2593 1053 2654 trorum
1069 2593 1108 2655 de
1123 2594 1234 2656 cetero
1249 2611 1316 2657 nou
1331 2596 1467 2674 teratis3
1485 2598 1563 2676 quia
1579 2599 1607 2659 si
1625 2615 1724 2677 super

115 2683 328 2743 Duntaccnst
341 2683 555 2744 monasterio
572 2684 723 2755 serbjccta
737 2688 872 2746 coriata—
928 2689 990 2753 boc
1010 2691 1050 2752 ad
1074 2707 1135 2754 uos
1156 2691 1262 2754 denuo
1285 2691 1413 2756 elamor
1431 2695 1630 2769 ascenderit,
1657 2713 1724 2758 non

116 2779 207 2839 terret.
927 2787 1109 2864 poterimus
1123 2789 1377 2852 conniventibus
1387 2791 1494 2854 oculis
1506 2793 1721 2870 pertransire,

927 2885 1006 2963 quin
1017 2887 1279 2964 promulgatores
1294 2887 1411 2950 talium
1423 2890 1663 2953 sententiarum
1675 2907 1725 2952 se-

386 2941 523 3004 CAPUT
547 2941 571 3002 Ῑ·
926 2981 1066 3046 veritate
1078 2983 1188 3046 debita
1201 2986 1412 3063 castigemus.

116 3041 409 3150 Quanto'ampltus,
425 3074 458 3137 et
469 3075 574 3186 iufra
590 3071 872 3184 Sanedilectitllii
927 3111 967 3170 B·
981 3110 1152 3182 quondam
1164 3111 1354 3186 Malorum
1368 3113 1501 3190 remum
1515 3113 1644 3176 suestra
1658 3110 1719 3192 (b).

68 3170 196 3242 abbas,
221 3173 255 3234 et
281 3171 462 3234 conventus
491 3174 709 3236 Dumacensrs
737 3189 872 3250 gravem

69 3265 174 3329 nobis
192 3267 433 3345 querimoniam
455 3268 655 3342 obtulerunt,
682 3271 768 3348 quod
795 3272 872 3349 qui·
1226 3245 1363 3307 CAPUT
1389 3247 1430 3306 Π·

69 3365 152 3428 dam
167 3367 325 3440 vestrum,
342 3367 374 3428 et
388 3366 575 3429 vestrorum
590 3367 752 3430 officiales
772 3386 872 3446 quum
966 3368 1017 3430 Ex
1036 3367 1131 3445 parte
1149 3367 1207 3429 tua
1227 3365 1290 3430 fuit
1311 3369 1515 3446 propositum
1531 3385 1642 3432 coram
1663 3385 1725 3432 no-

68 3464 109 3524 in
125 3478 196 3535 eos,
213 3463 246 3524 et
257 3463 309 3524 sui
325 3463 453 3528 ordinis
468 3465 650 3527 monachos
666 3466 873 3542 nonpossint
926 3463 988 3537 bis,
1001 3464 1086 3542 quod
1098 3463 1250 3527 nonnulli
1262 3464 1400 3528 litterati
1410 3481 1493 3544 quos
1504 3482 1565 3528 nec
1578 3466 1721 3539 babitus,

183 2269 227 2316 nn
248 2269 476 2327 rnrvrnrons,
500 2270 542 2318 nr
563 2271 764 2320 excusemus

278 2365 590 2416 rmvrusomronuu
606 2351 665 2433 (2).

68 3604 230 3676 episeopus
254 3601 420 3676 appelletur.
447 3615 533 3676 quam
560 3602 803 3686 archiepiscopus.
828 3609 871 3664 lta
962 3601 1004 3678 (a)
1024 3603 1197 3662 Dueiacemi
1214 3606 1393 3663 monasterio.
1411 3607 1443 3664 ln
1460 3603 1516 3662 elio
1538 3607 1595 3663 lls.
1619 3607 1718 3665 litato·

68 3689 145 3731 vero
165 3673 243 3730 hunc
256 3672 362 3732 nodum
381 3674 473 3743 solvit,
498 3673 572 3746 qrrod
589 3670 810 3734 archidiaconus
825 3685 869 3734 ut·
925 3677 1010 3742 crasi,
1025 3673 1075 3732 sed
1091 3673 1165 3732 male
1178 3691 1185 3732 :
1200 3683 1277 3732 recte
1291 3675 1408 3760 vulgata
1422 3673 1508 3734 editio
1519 3677 1719 3736 cluniacensi:

68 3753 143 3818 pote
163 3745 294 3802 officialis
311 3751 341 3802 et
356 3745 479 3802 ulredus
497 3746 625 3818 episcopi
640 3744 704 3818 lure
724 3749 871 3804 communi
926 3744 1115 3818 obbatiaejhoe
1131 3753 1197 3804 sunt
1221 3745 1395 3818 quindecim,
1420 3747 1560 3820 prioratus
1582 3763 1650 3805 vero
1676 3751 1719 3806 71.

67 3814 210 3872 eamdem
225 3827 376 3888 personam
392 3829 457 3874 cum
470 3817 604 3888 episcopo
618 3819 767 3887 sustineat,
791 3819 872 3876 aliter
926 3816 1065 3876 lionieles
1080 3815 1128 3874 hio
1142 3832 1199 3874 uon
1213 3817 1503 3889 comprehenduntur.

69 3886 111 3944 ab
122 3885 225 3944 eodem
239 3885 276 3944 ad
287 3885 421 3944 eumdem
436 3887 636 3958 appellaretur,
648 3888 723 3960 quod
736 3888 797 3946 lieri
813 3903 872 3947 non
964 3888 1105 3945 Honorius
1124 3888 1353 3954 cluniacensium
1373 3889 1521 3962 privilegia
1538 3887 1622 3948 valde
1642 3891 1720 3949 auxit

68 3956 172 4014 debet.
185 3955 270 4028 Cujus
283 3963 378 4014 tamen
390 3958 539 4014 sententiae
551 3957 644 4015 obstat
656 3974 719 4031 cop.
733 3961 870 4029 liemare,
926 3967 1025 4017 contra
1035 3960 1196 4031 episcopos,
1212 3958 1288 4016 unde
1303 3959 1501 4018 contentiones
1513 3961 1608 4033 longae
1623 3975 1716 4018 emer·

67 4029 109 4084 de
119 4028 302 4098 appellatio
313 4028 340 4097 6,
352 4042 418 4099 quo,
431 4029 537 4086 omisso
552 4028 657 4098 medio,
671 4030 719 4101 qui
734 4037 778 4087 est
791 4033 868 4103 epis·
926 4037 1033 4087 serunt.
1043 4029 1122 4086 idem
1137 4029 1472 4088 confirmavitlunocent.
1482 4031 1721 4090 lVGisterciensi·

68 4112 178 4170 copus,
200 4111 258 4155 non
279 4105 372 4170 potest
391 4099 528 4171 appellari
549 4099 791 4172 archiepiscopus.
813 4105 873 4158 lloc
925 4100 989 4167 bus,
997 4100 1024 4156 ln
1036 4099 1157 4156 concilio
1165 4099 1359 4172 lugdunensi,
1369 4109 1515 4173 etseptem
1526 4100 1723 4174 indulgentias

68 4175 189 4226 tantum
204 4169 245 4225 illi
258 4166 372 4226 secessit
386 4170 534 4242 negotium
553 4176 583 4227 ut
598 4171 678 4227 aliter
692 4186 724 4228 se
739 4171 872 4244 expedire
926 4171 1086 4228 concessit:
1111 4170 1212 4241 prima,
1239 4170 1314 4228 circa
1337 4177 1506 4228 statutorum
1528 4171 1721 4228 confirmatio·

69 4246 213 4312 nequeat,
226 4240 282 4297 nisi
291 4240 354 4311 jure
369 4253 444 4298 novo
457 4247 538 4298 vetus
552 4247 711 4298 correctum
726 4239 814 4299 luisse
828 4242 870 4300 di·
927 4255 1009 4310 nem3
1028 4239 1164 4309 secunda,
1184 4255 1221 4297 ne
1236 4255 1252 4297 a
1268 4241 1391 4312 praelatis
1406 4240 1442 4298 ad
1466 4239 1582 4298 ordines
1610 4243 1719 4299 exami-

68 4319 135 4393 cat,
150 4310 196 4393 yel
208 4311 407 4369 innocentium
421 4312 471 4379 lv,
488 4317 633 4392 auctorem
651 4311 718 4392 dicti
732 4327 795 4384 cap.
817 4314 870 4398 im3
928 4319 1040 4394 neritum
1054 4313 1144 4379 tertia,
1158 4310 1234 4393 pirou
1249 4311 1382 4392 novalia;
1398 4319 1509 4384 quarta,
1525 4318 1624 4368 contra
1635 4325 1720 4396 esau

70 4383 872 4536 tt‘thtttlthltttttt”ttttttttttthtlt
928 4390 1037 4526 tttth
1051 4382 1379 4536 tristaretur:
1391 4395 1723 4535 ..thtltthhltttt

69 4538 146 4581 nem
167 4522 291 4592 devolvi,
313 4537 369 4580 non
386 4522 421 4580 ad
436 4522 703 4596 archiepiscopum
717 4525 772 4582 ursi
796 4525 873 4583 aliud
928 4523 1107 4592 molendinis,
1124 4523 1170 4581 vel
1190 4529 1316 4595 coquunt
1329 4538 1358 4580 m
1374 4521 1463 4580 turnis
1481 4537 1592 4592 eorum,
1603 4538 1721 4582 excom·

70 4593 198 4652 suadeat
216 4593 402 4663 consuetudo,
418 4595 464 4650 vel
479 4594 678 4677 privilegium
694 4602 724 4652 ut
740 4597 869 4654 nomina·
928 4595 1126 4664 municentur3
1142 4594 1274 4666 septima,
1289 4593 1325 4650 de
1346 4593 1522 4652 libertatibus
1543 4600 1572 4651 et
1586 4595 1720 4652 immuta·

70 4667 127 4724 tim
143 4663 180 4722 de
195 4664 395 4722 archidiacono
411 4665 543 4722 ilamensi
561 4663 663 4722 dicitur
678 4667 706 4721 in
722 4665 871 4740 dictocep.
926 4666 1002 4724 tibus
1016 4666 1161 4724 concessis
1177 4664 1212 4721 ab
1227 4664 1352 4722 Honorio
1367 4666 1423 4733 ΙΙΙ;
1436 4663 1472 4722 de
1485 4663 1587 4744 quibus
1598 4665 1677 4738 plura
1691 4667 1722 4724 in

71 4734 529 4804 Romaua,etde·Parisiensihoc
543 4736 605 4794 loco
620 4735 795 4794 censendum
809 4747 871 4797 est:
928 4737 1128 4818 compilatione
1163 4736 1220 4792 MS.
1254 4735 1444 4792 Decretalium
1476 4735 1605 4818 epusdem
1634 4738 1720 4794 luno·

71 4808 122 4864 rel
144 4807 169 4862 si
179 4807 234 4864 alia
246 4806 368 4864 arrideat
381 4806 495 4875 solutio,
510 4806 654 4879 eoujicere
667 4807 732 4864 licet
745 4823 781 4866 ex
796 4815 873 4866 textu
927 4809 1013 4866 centri
1028 4808 1115 4874 lV,·et
1131 4806 1251 4863 altorum
1273 4805 1441 4864 Pontificum
1461 4806 1536 4864 illius
1553 4807 1617 4876 aevi,
1633 4807 1662 4864 in
1678 4807 1721 4864 bi·

71 4877 173 4960 hujus,
187 4893 251 4950 cap.
259 4877 339 4949 iuxta
354 4875 468 4935 codices
482 4879 572 4945 MSS„
589 4893 639 4952 per
651 4877 802 4936 olliciolem
817 4881 870 4938 Pa·
926 4877 1068 4935 bliotheca
1083 4875 1197 4948 collegii
1212 4876 1359 4934 Forensis.

71 4951 241 5017 rissensem,
256 4948 377 5020 intelligi
394 4948 486 5020 ipsum
508 4948 752 5019 archidiaconum,
766 4959 797 5007 ut
812 4949 874 5008 hoec
964 4948 1002 5022 (t)
1018 4949 1051 5004 B.
1067 4947 1207 5018 quotidem
1221 4948 1307 5018 Aupl.
1323 4963 1382 5019 rep.
1398 4948 1535 5016 Quamvis
1556 4949 1584 5004 iu
1605 4950 1720 5022 epigra-

71 5018 165 5077 verba
183 5019 380 5076 demonstrare
404 5017 544 5088 videntur,
563 5034 660 5078 coram
679 5021 797 5092 officiati
817 5023 873 5079 Pa·
928 5019 984 5102 phe
997 5019 1081 5102 hujus
1097 5033 1160 5090 cap.
1178 5018 1268 5089 prima
1283 5019 1374 5075 littera
1394 5017 1524 5076 indicans
1547 5033 1652 5077 nomen
1668 5021 1720 5080 bu-

71 5091 194 5147 risirast
208 5095 233 5146 et
247 5090 456 5148 archidiacono.
925 5106 972 5164 Jus
981 5089 1127 5163 regrnaein
1136 5090 1214 5146 mss.
1223 5089 1269 5158 sit,
1281 5090 1367 5159 ll.;in
1377 5089 1511 5162 vulgatis,
1522 5090 1721 5159 V.‚nihilomi·

113 5161 158 5234 (l)
174 5163 248 5218 Pour
262 5161 288 5218 la
303 5160 500 5218 concordance
521 5173 591 5218 avec
603 5160 631 5218 le
652 5160 725 5219 droit
741 5163 872 5234 Romaiu,
928 5177 983 5219 nus
997 5161 1059 5218 baec
1069 5167 1113 5218 est
1127 5161 1310 5232 berengaria,
1321 5159 1405 5218 vidua
1418 5159 1551 5219 iliclrardi
1561 5161 1722 5234 Auglorum

72 5232 114 5290 es.
131 5235 172 5290 tit.
191 5233 233 5302 ll,
249 5232 298 5289 liv.
314 5233 669 5302 vl11‚o.,beeoriopertr
682 5234 871 5292 acerbatione.
928 5248 959 5290 re
982 5233 1017 5302 is,
1031 5231 1066 5289 dc
1082 5247 1137 5304 qua
1151 5246 1235 5302 supra
1252 5231 1281 5288 in
1293 5245 1357 5304 cap.
1373 5238 1496 5302 exparte
1508 5232 1673 5300 carissimo,
1688 5234 1722 5289 de

75 5307 119 5363 Le
140 5319 243 5360 novum
264 5318 333 5386 opus
355 5304 401 5374 qui
425 5316 496 5359 nous
513 5312 557 5360 est
573 5303 792 5376 dommageable
816 5305 875 5363 doit
928 5305 961 5376 os
995 5308 1041 5362 .et
1054 5307 1112 5374 pot.
1129 5303 1193 5373 tud.
1212 5302 1296 5373 dalaq.
1317 5308 1347 5358 et
1364 5302 1394 5357 in
1417 5317 1480 5375 cap.
1501 5307 1642 5383 reperte,
1660 5305 1674 5360 l
1689 5303 1723 5360 dr

74 5377 139 5432 titre
164 5373 304 5443 denonoe,
332 5389 368 5431 au
394 5381 488 5445 temps
507 5373 543 5430 de
564 5374 716 5442 tustinieu,
737 5375 810 5433 dans
832 5377 874 5434 les
928 5377 996 5432 cler.
1023 5375 1133 5444 centua.
1154 5373 1243 5446 Caput
1259 5374 1336 5429 enlm
1362 5371 1437 5429 istud
1451 5373 1484 5428 de
1497 5373 1661 5444 Priorlrpiis
1680 5381 1723 5432 cst

30 5498 35 5506 .
74 5446 149 5504 trois
161 5445 235 5503 mois
250 5459 320 5517 pour
335 5445 361 5501 la
377 5445 522 5517 province,
535 5451 565 5501 et
577 5459 645 5502 sans
656 5445 749 5502 retard
765 5463 835 5518 pour
847 5447 872 5504 la
928 5445 1084 5503 consimilis
1105 5443 1266 5517 argumenti
1284 5458 1351 5502 cum
1365 5441 1441 5500 dieto
1463 5457 1526 5526 cap.
1550 5445 1575 5513 l,
1600 5446 1633 5500 cte
1653 5445 1721 5502 cler.

75 5517 155 5584 ville,
177 5517 208 5572 tu
227 5517 279 5572 tac
294 5517 360 5572 rorte
380 5516 469 5586 repta,
490 5531 559 5573 scus
577 5517 662 5588 peine
685 5516 874 5589 d'opposition
928 5517 1055 5589 coatus:
1069 5523 1219 5586 utrumque
1233 5515 1310 5572 enim
1322 5515 1384 5586 agit
1394 5513 1429 5570 de
1442 5515 1553 5572 clericis
1565 5515 1612 5584 qui
1624 5514 1723 5570 vivunt

74 5587 189 5646 tardive
200 5594 228 5644 et
239 5601 295 5644 non
307 5587 466 5644 recevable.
929 5595 958 5644 ut
969 5587 1044 5656 laici,
1057 5594 1085 5644 et
1096 5585 1258 5643 clericalem
1268 5584 1396 5642 hobitum
1409 5592 1525 5642 sumunt
1535 5586 1564 5640 ln
1574 5583 1724 5641 maleficiis

115 5659 157 5788 Si)
170 5659 209 5717 Ge
224 5659 287 5716 titre
300 5657 383 5715 estle
397 5656 531 5716 terdels
549 5657 716 5730 Gontpilctio
728 5660 834 5730 mima,
846 5670 875 5717 et
929 5658 956 5714 in
980 5655 1108 5714 fraudem
1122 5655 1313 5714 dominorum.
1330 5655 1402 5716 Vide
1420 5668 1491 5729 ergo
1512 5669 1576 5737 qus
1599 5653 1722 5724 diximus

76 5731 166 5788 1ο“ἰ1ο
181 5727 232 5788 des
246 5727 571 5800 Dimittire'porteones.
930 5727 1081 5807 addictum
1096 5741 1159 5800 cap.
1173 5743 1207 5784 es
1216 5729 1309 5798 porte,
1325 5726 1357 5783 de
1371 5727 1438 5784 cler.
1455 5739 1564 5798 corpur.
