4122 6308
93 391 139 455 sol
537 383 702 448 OCTAVA
723 383 913 446 PASCHAE.
938 383 1267 457 raaia-odam.
1671 385 1730 445 902

92 565 147 613 nox
168 547 313 611 vertitur
335 546 370 609 in
398 545 496 618 diem,
519 545 614 618 idest,
632 543 816 608 adversitas
840 544 875 605 iu
931 515 1032 616 Quasi
1055 543 1204 605 diceret:
1226 543 1293 620 Ego
1309 542 1341 605 et
1355 539 1510 620 discipuli
1531 544 1598 604 mei
1621 543 1730 621 parati

92 646 344 727 prosperitatem.
362 645 543 717 Quiasicut
556 643 636 706 dicit
650 643 873 719 Augustinus:
931 655 1045 703 sumus
1071 641 1113 702 ad
1142 640 1361 702 obediendum
1386 643 1454 702 Deo
1475 641 1613 703 virenti.
1638 642 1730 712 Quod

91 749 176 806 «Per
190 744 392 820 praesentem
402 741 615 805 affiictionem
633 739 776 802 futuram
792 756 878 801 com·
932 741 1042 801 autem
1065 739 1224 800 Dominus
1247 739 1434 816 interrogat
1453 742 1565 801 utrum
1587 739 1731 801 habeant

92 845 175 920 parat
198 841 351 904 Ecclesia
380 839 582 901 felicitatem.
603 854 622 899 θ
646 837 794 915 Apostoli
829 837 875 898 nil
932 838 1201 914 pulmentarium,
1214 835 1282 898 tale
1297 838 1347 898 θεῖ
1361 837 1456 915 quasi
1468 837 1593 899 diceret
1606 860 1613 896 :
1628 840 1731 909 Quem

91 939 322 1018 prendiderunt
346 938 405 998 illa
434 937 540 1008 nocte,
569 936 667 1008 idest,
696 935 805 996 nullos
835 951 878 996 ex
925 935 1075 996 'fructum
1088 935 1252 996 habuistis
1267 935 1307 994 de
1323 935 1560 1012 praedicatione
1575 935 1731 996 restrain

90 1039 202 1101 Judaeis
231 1035 468 1099 converterunt
500 1033 534 1094 in
565 1033 625 1094 illa
651 1032 876 1095 tribulatione.
933 1032 1054 1109 populo
1069 1032 1280 1094 Judaeorumt
1295 1035 1415 1093 Omnes
1439 1034 1516 1093 sunt
1536 1032 1731 1094 indomabili

91 1139 239 1197 Eaecnox
261 1133 325 1194 fuit
342 1132 472 1210 quando
497 1130 584 1192 sicut
597 1130 719 1207 legitur
738 1131 772 1190 in
787 1129 879 1191 Acti·
934 1130 1044 1202 corde,
1069 1146 1132 1191 nec
1154 1130 1291 1208 possunt
1311 1146 1371 1207 per
1393 1130 1464 1191 rete
1484 1129 1731 1207 praedicationis

90 1233 142 1293 bus
155 1229 400 1308 Apostolorum,
424 1229 511 1290 facta
530 1229 580 1289 est
600 1228 786 1304 persecutio
807 1243 880 1288 ma·
934 1227 1083 1289 abstrahi
1106 1226 1148 1288 ab
1162 1228 1269 1305 aquis
1284 1227 1379 1300 idest,
1396 1244 1416 1290 a
1438 1227 1627 1289 carnalibus
1649 1229 1734 1290 desi·

91 1345 145 1406 gua
166 1330 203 1390 in
227 1328 389 1399 Ecclesia,
412 1327 447 1388 in
469 1326 522 1386 die
553 1342 617 1402 quo
636 1325 802 1402 lapidatus
830 1325 880 1386 est
934 1326 1047 1397 deriiS,
1074 1326 1152 1402 quia
1175 1326 1335 1388 latentia
1357 1326 1444 1399 imis,
1468 1326 1530 1388 boc
1550 1327 1610 1399 est,
1631 1327 1732 1388 defixi

90 1427 283 1504 Stephanus,
297 1425 330 1487 θῖ
346 1439 460 1486 omnes
473 1422 629 1500 discipuli
645 1423 789 1500 dispersi
804 1423 880 1484 sunt
935 1425 1012 1484 sunt
1037 1423 1073 1483 in
1101 1423 1338 1499 cupiditatibus
1362 1425 1517 1485 terrenis.
1537 1425 1629 1486 Unde
1648 1424 1732 1486 hene

92 1540 142 1602 per
161 1525 320 1599 regiones
351 1521 475 1584 iudaeae
501 1522 534 1582 et
568 1521 728 1582 Samariae
760 1520 881 1596 praeter
936 1520 1091 1582 dixerunt
1104 1521 1255 1597 Apostoli
1269 1521 1348 1599 quia
1361 1537 1427 1583 nou
1442 1521 1568 1583 babent
1581 1523 1734 1599 pulmen-

92 1622 269 1698 Apostolos.
292 1619 454 1693 Quamdiu
476 1633 556 1694 ergo
575 1617 728 1696 discipuli
747 1617 881 1679 fuerunt
935 1619 1016 1689 tum,
1027 1617 1129 1690 idest,
1147 1634 1214 1680 non
1238 1619 1391 1696 poterant
1407 1619 1530 1680 babere
1552 1635 1595 1680 ex
1618 1635 1734 1681 eorum

91 1718 257 1791 indudaea,
272 1718 307 1778 in
324 1719 420 1779 nocte
435 1715 680 1788 laboraverunt,
698 1716 731 1777 ei
746 1715 818 1777 ideo
834 1715 880 1775 nil
937 1716 1153 1778 conversione
1172 1715 1458 1779 delectamentum.

91 1816 332 1895 prendiderunt,
355 1815 433 1892 quia
464 1829 588 1892 paucos
621 1814 679 1874 aut
701 1811 810 1874 nullos
838 1827 881 1873 ex
984 1814 1113 1874 Mittite
1147 1817 1184 1874 ia
1217 1815 1402 1875 desieram
1438 1817 1569 1890 navigit
1605 1815 1731 1876 reta...

90 1915 204 1978 Judaeis
217 1912 464 1975 converterunt.
477 1913 573 1984 Nam,
588 1911 615 1971 si
631 1912 687 1990 qui
701 1927 744 1972 ex
757 1910 882 1972 Judaeis
937 1896 1047 1989 (dean.
1066 1927 1137 1982 xxa,
1161 1909 1207 1990 6).
1230 1911 1334 1972 Navis
1356 1897 1407 1972 vel
1433 1911 1618 1988 navigium,
1647 1911 1735 1973 sicut

93 2013 126 2072 ad
146 2012 244 2073 fidem
262 2009 452 2082 ueniebant,
476 2012 547 2087 jam
569 2009 691 2069 Christi
719 2008 883 2085 praedica·
937 2007 1094 2083 diximus,
1118 2008 1285 2084 significat
1304 2009 1496 2070 Ecclesiam.
1514 2010 1658 2069 Dextera
1673 2024 1735 2069 na-

93 2111 172 2171 tione
199 2111 233 2170 et
262 2107 433 2169 miraculis
460 2106 547 2184 capti
564 2105 707 2178 fuerant,
733 2105 884 2168 sterant
937 2106 1020 2182 vigit
1041 2106 1207 2183 significat
1228 2106 1385 2184 populum
1409 2106 1577 2182 gentilem,
1598 2105 1735 2167 sinistra

93 2206 298 2268 aemulatores
310 2204 405 2280 legis,
423 2204 505 2265 adeo
519 2204 555 2266 ut
569 2203 674 2279 magis
689 2202 884 2264 uiderentur
937 2205 1093 2282 populum
1105 2204 1287 2282 judaicum.
1302 2203 1395 2266 Unde
1410 2220 1485 2266 cum
1499 2207 1517 2266 J
1520 2204 1622 2282 oseph
1635 2204 1736 2264 vellet

91 2305 187 2366 iudei
200 2321 303 2382 quam
316 2301 506 2364 Christiani.
937 2301 1089 2362 benedici
1111 2302 1197 2363 filios
1219 2303 1297 2364 suos
1312 2317 1331 2362 a
1346 2303 1457 2374 Patre,
1475 2303 1585 2378 posuit
1605 2302 1735 2379 primo-

125 2405 226 2463 bfane
240 2402 445 2472 auremjam
455 2401 545 2474 scoto
554 2399 651 2460 stetit
663 2402 766 2461 lesus
777 2401 813 2460 tu
827 2398 883 2461 ct-
937 2401 1085 2476 genilum
1108 2416 1127 2461 a
1149 2399 1276 2461 dextris
1291 2403 1363 2478 ejus
1380 2400 1413 2461 θῖ
1427 2398 1530 2460 aliurn
1544 2415 1564 2459 a
1578 2397 1734 2460 sinistris.

94 2498 158 2560 fore
179 2496 292 2577 (Joan.
314 2513 387 2569 xxr,
405 2495 452 2576 4).
476 2497 574 2558 Mane
592 2496 758 2572 significat
776 2495 883 2556 lucem
938 2499 979 2558 At
999 2497 1098 2558 Pater
1119 2497 1311 2558 cancellatis
1326 2495 1478 2558 manibus
1491 2497 1602 2572 posuit
1616 2497 1736 2558 dexte-

91 2597 210 2670 gratiae.
228 2597 330 2656 Mane
347 2593 469 2655 factum
484 2595 544 2662 est,
559 2594 689 2670 quando
701 2593 809 2668 gratia
824 2593 884 2654 Dei
937 2609 1010 2655 ram
1023 2609 1124 2671 super
1133 2594 1301 2671 juniorem
1315 2595 1346 2655 et
1360 2594 1530 2655 sinistram
1548 2609 1648 2670 super
1663 2595 1735 2670 pri-

94 2694 248 2769 ingentes
260 2691 382 2755 diffusa
392 2691 452 2754 est.
469 2694 550 2754 Tum
563 2691 654 2753 stetit
664 2693 761 2754 Jesus
776 2691 883 2752 inlit-
939 2693 1152 2768 mogenitum.
1192 2694 1228 2753 In
1263 2708 1326 2769 quo
1365 2691 1616 2768 significabatur
1650 2692 1737 2769 quod

93 2791 165 2852 tore.
183 2791 278 2853 Sicut
291 2805 383 2851 mare
396 2789 562 2865 significat
576 2788 744 2861 mundum,
757 2789 804 2850 ita
824 2788 883 2850 lit·
939 2789 1079 2868 populus
1104 2790 1239 2867 gentilis
1262 2790 1320 2867 qui
1339 2791 1390 2852 est
1407 2791 1571 2867 posterior
1592 2790 1655 2852 fide
1680 2789 1739 2851 dc-

93 2889 139 2950 tus
164 2891 280 2963 maris,
313 2887 483 2964 regionem
520 2887 713 2948 viventium.
747 2889 794 2947 De
820 2901 884 2964 quo
939 2888 1037 2950 bebat
1050 2887 1201 2950 benedici
1216 2887 1354 2950 dextera
1368 2888 1439 2960 Dei,
1453 2887 1552 2960 idest,
1569 2888 1739 2965 suscipere

95 2986 189 3047 David
203 3009 211 3046 t
229 2989 340 3048 Credo
354 2988 473 3047 cidere
487 2987 574 3046 bona
588 2987 729 3046 Domini
738 2987 774 3045 ia
788 2985 887 3047 ferro
919 3018 922 3026 ι
939 2986 1081 3062 gratiam
1094 2984 1380 3059 abundantiorem,
1393 2988 1425 3048 et
1435 2985 1576 3062 populus
1583 2985 1740 3064 judaicus

95 3086 280 3145 tivantium
295 3081 364 3161 (Ps.
381 3083 430 3156 26,
445 3082 509 3161 13).
522 3082 680 3143 Dominus
696 3097 775 3158 ergo
789 3084 885 3144 Jesus
941 3085 997 3161 qui
1010 3084 1102 3161 prius
1113 3084 1154 3145 ad
1169 3082 1265 3144 fidem
1277 3099 1456 3146 conversus
1470 3082 1521 3145 est
1532 3099 1592 3160 per
1601 3086 1740 3160 Moysen

95 3180 192 3242 stabat
205 3183 242 3242 in
257 3181 369 3242 littore
393 3180 426 3242 et
449 3179 604 3256 discipuli
622 3180 658 3240 in
680 3179 777 3251 mari,
795 3180 884 3258 quia,
942 3183 975 3244 et
1007 3182 1195 3260 propbetas,
1233 3181 1446 3243 constituitur
1479 3181 1521 3242 ad
1555 3182 1738 3253 sinistram,

96 3277 157 3354 ipse
171 3279 244 3340 erat
259 3277 411 3354 ingloria
431 3279 540 3339 Patris
563 3278 595 3340 et
614 3277 769 3356 discipuli
785 3276 888 3338 suda·
942 3280 1037 3352 idest,
1056 3280 1125 3342 sola
1140 3280 1337 3358 temporalia
1361 3278 1482 3341 dantur
1503 3280 1535 3341 ei
1556 3295 1615 3357 pro
1639 3279 1755 3362 bene-¹

95 3373 165 3438 bant
181 3379 218 3438 in
240 3376 355 3439 labore
377 3375 634 3454 praedicationis.
652 3375 715 3436 Sed
731 3391 887 3453 quaeren-
942 3377 1097 3439 dictione.
1821 3455 1824 3460 Ι

94 3472 164 3534 dum
182 3475 281 3536 nobis
301 3475 350 3536 est
365 3489 468 3552 quare
482 3473 574 3535 visus
591 3474 640 3535 est
662 3473 752 3535 stare
774 3474 806 3534 et
820 3488 887 3534 non
981 3475 1110 3536 Mittite
1125 3478 1159 3534 fu
1171 3476 1356 3536 declarant
1368 3477 1500 3551 nociati
1513 3475 1588 3535 rete
1603 3475 1636 3536 et
1649 3477 1742 3537 treoc-

96 3571 212 3635 sedere.
242 3571 292 3633 Ad
319 3571 406 3648 quod
440 3571 631 3642 dicendum,
664 3571 742 3648 quia
772 3570 887 3631 sedere
942 3573 1055 3633 utatis.
1072 3571 1127 3632 Bis
1142 3571 1177 3632 in
1195 3573 1309 3634 sancto
1324 3571 1503 3647 Evangelio
1516 3571 1638 3648 legitur
1653 3571 1740 3648 quod

95 3671 257 3746 regnantis
282 3671 349 3742 est,
377 3671 466 3732 stare
491 3685 571 3731 vero
587 3668 787 3746 adjuvantis.
802 3667 888 3729 Hinc
942 3669 1102 3731 Dominus
1113 3670 1215 3748 jussit
1232 3669 1269 3730 ut
1287 3669 1329 3730 ad
1351 3670 1545 3747 piscandum
1560 3671 1645 3732 retia
1659 3669 1740 3730 mit-

93 3768 245 3845 estquod
280 3767 396 3830 beatus
434 3767 621 3844 stephanus
659 3765 744 3828 vidit
774 3769 888 3830 Jesum
942 3768 1103 3841 terantur,
1124 3770 1201 3830 ante
1223 3769 1411 3845 passionem
1429 3767 1596 3841 videlicet,
1618 3769 1743 3846 etpost

95 3864 225 3947 stantem
241 3882 262 3928 a
280 3865 407 3927 dextris
431 3863 502 3938 Dei,
527 3865 604 3941 quia
624 3864 779 3927 videlicet
789 3865 891 3943 juva·
944 3867 1144 3944 passionem.
1163 3866 1226 3928 Sed
1242 3866 1435 3943 priusquam
1451 3865 1651 3943 Redemptor
1664 3883 1745 3928 nos-

94 3958 144 4022 bat
156 3978 231 4023 eum
246 3963 283 4024 in
303 3962 485 4024 certamine
506 3961 684 4038 passionis.
702 3962 793 4032 Quod
809 3977 889 4038 ergo
944 3965 996 4026 ter
1010 3964 1042 4025 et
1055 3965 1226 4040 pateretur
1239 3964 1272 4025 et
1290 3963 1491 4038 resurgeret,
1508 3963 1594 4025 mitti
1610 3963 1742 4039 quidem

96 4059 247 4122 Dominus
258 4061 351 4121 risus
363 4060 413 4121 est
426 4059 526 4131 stare,
543 4057 632 4120 dedit
646 4059 788 4134 intelligi
803 4059 889 4136 quod
944 4061 1014 4124 rete
1027 4061 1067 4121 ad
1081 4060 1275 4138 piscandum
1287 4059 1391 4137 Jubet,
1409 4059 1466 4120 sed
1481 4061 1592 4122 utrum
1606 4059 1641 4120 in
1654 4060 1741 4120 dex-

96 4153 270 4234 discipulos
289 4159 324 4218 iu
345 4157 530 4234 piscatione
550 4155 741 4217 deficientes
753 4155 891 4219 venerat
944 4159 1049 4221 teram
1066 4173 1108 4218 an
1131 4157 1168 4219 in
1190 4157 1360 4218 sinistram
1381 4155 1467 4218 mitti
1483 4155 1661 4230 debuisset,
1676 4173 1743 4219 non

99 4253 263 4331 adjurare.
279 4255 318 4317 Et
337 4252 588 4331 significabatur
606 4254 691 4331 quod
707 4251 892 4316 laboranti-
941 4256 1047 4334 jubet.
1069 4257 1148 4317 Post
1168 4254 1445 4316 resurrectionem
1468 4270 1547 4317 vero
1571 4255 1744 4332 discipulis

100 4349 155 4412 bus
177 4353 212 4414 fn
236 4351 473 4431 praedioatione
487 4352 578 4413 venit
597 4351 760 4413 auxilium
774 4352 890 4430 gratiae
946 4369 1109 4432 apparens
1131 4353 1217 4415 mitti
1240 4353 1311 4413 rete
1334 4351 1370 4414 in
1394 4351 1565 4414 dexteram
1584 4352 1689 4430 Jubet.
1707 4357 1744 4415 ln

102 4449 296 4512 ministrare.
946 4450 1005 4513 illa
1036 4450 1218 4529 piscatione
1245 4449 1330 4512 tanti
1356 4448 1434 4511 sunt
1459 4451 1564 4528 capti,
1595 4452 1632 4513 ut
1658 4451 1745 4513 retia

135 4551 211 4611 Non
238 4549 356 4610 famen
369 4547 602 4623 cognoverunt
628 4551 784 4625 discfpua·
812 4553 892 4625 quio
946 4548 1190 4625 rumperentur.
1219 4549 1257 4608 In
1286 4547 1351 4609 ista
1380 4548 1490 4608 autem
1525 4549 1621 4611 multi
1656 4549 1747 4626 capti

100 4645 195 4708 destas
207 4646 269 4708 cst.
286 4645 415 4706 Pisoari
430 4648 480 4706 est
490 4644 693 4722 praedicare:
710 4647 891 4724 piscatores
947 4645 1024 4707 sunt
1047 4646 1079 4707 et
1104 4645 1189 4707 retia
1215 4646 1312 4721 rupta
1345 4659 1412 4706 non
1440 4647 1527 4707 sulit.
1556 4647 1635 4718 Quis
1662 4662 1743 4708 uero

103 4744 172 4804 sunt
185 4741 433 4822 praedicatores.
449 4743 610 4820 Discipuli
625 4757 704 4819 ergo
726 4760 793 4806 non
808 4761 891 4822 cog·
947 4743 1076 4806 nesciat
1089 4743 1193 4804 bonos
1215 4741 1363 4812 dextera.
1379 4741 1485 4804 malos
1505 4744 1640 4805 sinistra
1660 4743 1748 4820 figu-

104 4840 260 4903 noverunt
284 4842 397 4902 Jesum
423 4855 497 4902 esse
528 4840 561 4902 et
591 4841 688 4902 stare-
705 4841 740 4901 in
768 4842 890 4915 littore,
947 4840 1039 4904 rarii
1061 4840 1122 4902 illa
1140 4853 1220 4915 ergo
1239 4840 1391 4916 piscatio,
1408 4840 1524 4918 inqua
1544 4841 1745 4918 specialiter,

104 4938 182 5012 prod
192 4938 319 5001 tautam
330 4935 464 5000 deberet
476 4937 524 4997 eis
534 4937 676 5014 gratiam
688 4938 891 5013 ministrare,
947 4940 1094 5017 inquam
1107 4937 1234 5015 partem
1251 4937 1336 4999 mitti
1350 4937 1421 5000 rete
1438 4937 1556 5001 debeat
1567 4956 1635 5001 non
1643 4939 1747 5018 jube-

105 5035 137 5095 ut
154 5035 188 5098 iu
210 5051 341 5097 omnem
365 5035 487 5096 ferram
509 5035 754 5112 praedicationis
779 5054 893 5099 eorum
947 5037 1012 5110 tur,
1032 5035 1228 5113 praesentem
1251 5035 1434 5098 Ecclesiam
1455 5036 1652 5115 designavit,
1673 5054 1748 5117 quae

105 5133 330 5201 sonusexiret,
346 5132 379 5194 et
398 5133 432 5193 in
454 5131 536 5194 fines
561 5131 650 5195 orbis
665 5134 763 5197 terrae
786 5134 894 5197 lucem
948 5134 1053 5196 bonos
1082 5132 1115 5195 et
1142 5133 1247 5194 malos
1279 5133 1421 5210 colligit,
1439 5150 1512 5204 nec
1540 5135 1633 5211 eligit
1665 5151 1747 5213 quos

106 5228 175 5292 fidei
201 5231 235 5294 et
259 5231 377 5307 graue
401 5230 610 5293 clarificaret.
628 5231 713 5293 Dicit
739 5248 818 5309 ergo
845 5233 894 5294 eis
948 5233 1070 5306 trahat,
1087 5232 1166 5310 quia
1183 5232 1310 5310 atquos
1325 5231 1449 5309 eligere
1470 5233 1585 5308 possit,
1601 5219 1745 5311 ignorat.

14 5307 15 5344 ¹
105 5327 217 5390 lesus:
233 5331 813 5404 Prtemcumoetoputmeutorrum
826 5333 893 5394 bc-
949 5333 1028 5394 Haec
1043 5329 1153 5394 autem
1174 5329 1314 5408 piscatio
1335 5331 1410 5406 post
1428 5331 1559 5392 Domini
1572 5347 1746 5395 resurrec-

14 5489 16 5504 .
107 5425 400 5508 beffs(Joan.xx1,
428 5418 663 5504 5)tDiscipuli'
687 5429 762 5489 sunt
785 5429 895 5492 vocati
948 5429 1072 5492 tionem
1094 5428 1181 5490 facta
1199 5427 1235 5488 in
1257 5427 1361 5489 solam
1382 5426 1551 5492 dexteram
1567 5431 1668 5491 missa
1684 5432 1744 5503 est,

14 5553 16 5574 ι
108 5524 194 5597 pueri
226 5526 361 5602 propter
388 5523 575 5602 puritatem.
612 5524 705 5586 Unde
736 5527 894 5588 Dominus
949 5527 1026 5605 quia
1052 5525 1091 5587 ad
1117 5523 1295 5587 videndam
1319 5527 1391 5604 ejus
1413 5526 1577 5589 claritatis
1605 5527 1745 5609 gloriam

107 5621 196 5682 iesus
217 5637 277 5700 per
298 5623 418 5682 isaiam
443 5643 450 5682 :
471 5625 558 5684 Ecce
572 5637 633 5699 epo
652 5625 686 5684 et
702 5629 805 5698 pueri
826 5629 896 5687 met
951 5625 1022 5685 sola
1046 5623 1227 5685 electorum
1251 5622 1400 5684 Ecclesia
1420 5625 1594 5701 pertinget,
1612 5641 1685 5702 quae
1706 5625 1746 5686 de

109 5731 184 5788 ocos
208 5721 298 5784 dedit
324 5722 409 5782 mibi
436 5723 604 5782 Domum
635 5719 692 5800 (ls.
722 5737 797 5794 vrri,
829 5721 893 5802 18).
951 5723 1087 5784 sinistro
1101 5735 1199 5800 opere
1217 5721 1264 5782 nil
1280 5719 1423 5783 babebit.
1441 5723 1476 5781 ln
1493 5722 1549 5782 illa
1564 5721 1746 5799 piscatione
