3978 6290
58 349 99 412 121
644 339 799 413 QUINTA
828 341 1089 405 COMPILATIO.
1627 348 1692 410 122

57 513 83 572 et
94 520 210 577 rernm,
229 502 340 580 utpote
352 515 372 561 a
385 499 548 564 beneflcio
562 500 703 578 publicae
718 501 837 566 doien-
894 503 1160 575 Novariensium,
1180 501 1243 564 init
1260 502 1396 564 auribus
1413 505 1536 566 nostris
1555 506 1692 569 intima·

58 605 145 670 sionis
164 601 303 665 exclusi.
328 599 424 662 Certe
437 597 497 661 vix
509 615 685 693 possumus
704 601 839 662 credere
892 605 974 674 tum,
991 601 1164 679 quodcum
1179 601 1214 661 in
1237 600 1384 677 ipsorum
1399 602 1551 674 ecclesia,
1572 620 1632 680 per
1644 606 1688 677 te,

59 703 220 767 diabolIcas
243 697 495 760 adinventiones
514 697 704 774 hujusmodi
731 714 751 760 a
779 715 840 761 vo·
893 699 1090 762 auctoritate
1115 699 1227 760 nostra
1253 698 1316 761 fuit
1337 700 1506 772 statutum,
1537 702 1573 762 ut
1598 700 1691 782 sit(⁰)

59 803 108 874 bis,
128 815 206 878 quos
228 797 270 858 de
289 797 367 858 lidei
386 795 529 873 puritate
553 795 651 857 totles
672 812 841 858 commen·
894 797 1003 859 certus
1021 812 1179 858 numerus
1197 796 1415 870 sacerdotum,
1432 798 1480 860 ita
1494 799 1581 876 quod
1597 800 1626 859 si
1640 799 1693 860 lo-

60 897 324 968 dariaudivimus,
346 894 561 972 processisse.
583 895 658 956 Non
678 910 739 956 nos
753 894 840 956 fallit
894 894 1693 972 cumsacerdotisvacarecontingeretnonsubs-
1727 917 1730 920 “

61 997 152 1074 opiiiio
165 993 251 1072 quod
273 993 394 1071 aliquis
414 992 593 1053 extraneus
613 991 665 1052 liis
682 993 841 1069 tempori·
893 993 1071 1055 titueretur
1094 992 1180 1052 alius
1200 1008 1298 1069 quam
1327 994 1493 1065 sacerdos,
1525 995 1577 1055 vel
1599 995 1689 1066 talis,

61 1097 108 1156 hus
127 1093 272 1168 regimen
291 1091 411 1152 vestrae
438 1089 583 1152 civitatis
609 1088 761 1162 obtinuit,
784 1091 839 1168 qui
894 1089 1003 1170 quitd)
1021 1091 1086 1152 cito
1105 1091 1140 1152 in
1162 1090 1367 1152 sacerdotem
1387 1093 1575 1167 promoveri
1594 1092 1690 1154 vale-

62 1209 153 1254 seeum
167 1190 312 1252 afferens
329 1187 526 1250 termentum
545 1188 711 1250 baerebcae
727 1189 841 1264 pravi-

61 1291 134 1362 tatis,
146 1289 202 1350 illo
216 1288 339 1350 vestrae
351 1285 554 1349 sinceritatis
568 1301 684 1364 azyma
696 1285 841 1348 sermen-

63 1389 136 1450 larit.
145 1388 317 1447 Monemus
330 1399 409 1460 ergo
423 1383 673 1446 universitatem
683 1385 838 1456 vestram,

63 1500 205 1560 rogamus,
231 1482 267 1544 et
293 1481 505 1543 obsecramus
533 1481 569 1542 in
597 1482 736 1542 Domino
761 1483 841 1544 Jesu

64 1583 182 1652 dbristo,
207 1581 240 1642 et
260 1596 323 1657 per
340 1579 529 1656 Apostolica
554 1579 677 1656 scripta
703 1579 842 1640 manda-

64 1695 130 1750 mus,
142 1679 303 1755 quatenus
313 1677 504 1754 hujusmodi
517 1676 632 1738 morbo
645 1677 723 1738 dum
736 1692 841 1748 novus

66 1774 519 1848 estsalubriteroccurrentes,
530 1789 590 1836 neo
603 1774 764 1850 patientes
777 1789 843 1835 ma·

66 1873 152 1935 culam
170 1875 234 1934 tam
254 1871 429 1949 grandem,
450 1872 583 1949 tamque
606 1871 707 1933 saluti
724 1872 843 1934 vestrae

68 1970 242 2033 contrariam
262 1971 301 2030 in
318 1971 425 2047 gloria
442 1970 553 2032 vestra
572 1970 660 2046 poni,
677 1969 845 2047 praenota-

69 2071 123 2130 tim
141 2069 307 2140 statutum,
331 2068 417 2144 quod
443 2067 556 2128 divino
569 2068 602 2129 et
620 2066 845 2143 numanojuri

72 2167 181 2228 obiiare
201 2166 414 2242 cognoscitis,
432 2165 519 2226 infra
540 2166 578 2226 15
594 2163 664 2226 dies
683 2165 756 2241 post
768 2180 845 2225 sus-

893 1190 955 1260 ret,
973 1189 1004 1250 et
1029 1203 1090 1250 nos
1107 1187 1265 1248 statutum
1278 1187 1467 1264 hujusmodi
1483 1190 1691 1265 postmodum

894 1285 1049 1346 duximus
1073 1284 1334 1346 confirmandum
1352 1299 1482 1361 :nuper
1504 1285 1600 1346 lionae
1621 1301 1693 1346 me-

895 1385 1009 1445 moriae
1022 1387 1060 1444 Α.
1081 1383 1217 1444 cantore
1237 1383 1360 1443 Novar.
1378 1382 1434 1460 qui
1449 1383 1604 1444 sacerdos
1616 1382 1693 1444 Iue-

895 1481 947 1542 rat
981 1481 1070 1542 viam
1096 1480 1261 1540 universae
1290 1479 1401 1540 carnis
1427 1479 1589 1555 ingresse,
1619 1495 1693 1541 oum

895 1577 1018 1640 vellent
1050 1577 1091 1638 ad
1118 1576 1327 1654 praehendam
1349 1577 1466 1652 ipsius,
1493 1577 1694 1640 inbaerentes

896 1675 1018 1737 statuto
1037 1674 1238 1752 hujusmodi,
1268 1674 1391 1749 eligere
1422 1673 1637 1746 sacerdotem,
1663 1673 1697 1736 et

897 1774 946 1834 sic
965 1772 1198 1834 convenissent
1216 1772 1251 1832 in
1277 1774 1450 1846 Hugonem
1473 1772 1622 1844 bilssum,
1649 1771 1696 1834 vi-

897 1888 971 1933 rum
986 1871 1098 1946 utique
1116 1869 1193 1930 vitae
1215 1868 1402 1940 laudabilia,
1422 1869 1455 1930 et
1467 1869 1695 1930 conversatio-

898 1970 1114 2040 nishonestae,
1125 1968 1181 2044 qui
1196 1984 1270 2029 cum
1284 1967 1326 2028 sit
1339 1967 1498 2028 diaconus
1512 1968 1576 2028 cito
1591 1967 1696 2044 possit

899 2068 940 2128 ad
954 2066 1173 2128 sacerdotium
1186 2065 1383 2142 promoveri,
1398 2064 1598 2125 venerabilis
1622 2063 1644 2125 i.
1660 2081 1693 2125 n.

900 2163 1115 2226 Novaniensis
1137 2163 1311 2239 episcopus
1330 2165 1394 2232 Jo„
1412 2162 1566 2238 nepotem
1587 2177 1695 2232 suum,

72 2264 229 2340 ceptionem
264 2263 481 2340 praeseutium
522 2262 563 2325 de
602 2261 844 2339 capitularibus

71 2361 167 2422 vestiis
180 2361 313 2438 penitus
326 2359 506 2432 abradads,
527 2359 596 2433 illo,
620 2359 672 2420 vel
691 2359 792 2420 simili
805 2359 845 2420 de

71 2461 161 2520 cetero
173 2474 237 2520 non
253 2458 362 2518 usuri.

900 2261 984 2322 altas
1006 2260 1134 2336 magnis
1154 2259 1336 2320 redditibus
1351 2257 1583 2330 abundantem,
1605 2273 1699 2320 cons-

899 2359 1032 2422 tItutum
1057 2357 1093 2418 in
1112 2357 1295 2418 minoribus
1317 2354 1499 2428 ordinibus,
1524 2356 1698 2417 occasione

901 2455 1072 2534 cujusdam
1094 2452 1294 2531 receptionis
1316 2452 1395 2514 olim
1413 2453 1510 2514 iactae
1531 2453 1571 2514 de
1590 2453 1698 2530 ipsoa

901 2550 1096 2631 quibusdam
1109 2550 1341 2612 concanonicis
1359 2549 1559 2621 eorumdem,
1585 2550 1699 2612 inves-

900 2651 986 2712 tiens
999 2649 1039 2710 de
1051 2647 1221 2710 nominata
1233 2645 1421 2722 praehenda,
1439 2661 1514 2707 eum
1527 2645 1605 2707 iecit
1617 2662 1699 2707 auc-

901 2747 1033 2808 toritate
1048 2745 1182 2823 propria
1200 2743 1236 2804 in
1251 2742 1355 2820 ipsius
1382 2743 1624 2820 possessionem
1643 2743 1699 2803 iii-

902 2845 993 2918 duoi;
1022 2842 1055 2904 et
1074 2842 1110 2903 ut
1132 2841 1180 2902 eis
1206 2838 1391 2902 volentibus
1413 2839 1618 2900 sacerdotem
1631 2839 1696 2900 eli-

901 2958 980 3019 gere
999 2941 1089 3002 viam
1116 2936 1335 3015 praecluderet
1361 2936 1516 3014 eligendi,
1542 2952 1598 2997 eos
1617 2937 1646 2997 si
1657 2935 1699 2997 ad

148 2611 408 2683 archiepiscopo
421 2609 669 2669 Mediolanensi
682 2603 695 2684 (
717 2603 742 2684 ).

328 2741 464 2802 CAPUT
485 2741 570 2802 VIII.

96 2863 464 2942 Experievenorabilisl.
475 2879 508 2923 n.
520 2859 563 2941 (b)
572 2859 752 2923 suanensis
761 2862 848 2920 Prae·

74 2962 160 3038 posili,
173 2963 204 3024 et
217 2960 438 3040 quorumdam
452 2959 594 3019 altorum
607 2956 847 3018 canonicorum

75 3083 143 3140 lavini
158 3085 230 3142 soliti
262 3082 345 3140 tuere
370 3097 417 3140 res
441 3081 658 3140 Ecclesiasticas
679 3077 760 3136 uiliili
775 3092 845 3149 peii·

76 3151 125 3209 tere
137 3156 174 3210 sic
192 3169 270 3212 anno
293 3154 373 3212 1282.
391 3155 511 3211 &natus
523 3153 676 3210 Patavinae
691 3149 848 3221 (Accianos

903 3072 1043 3144 rtpnolit.
1061 3069 1178 3138 dubitat,
1196 3075 1225 3125 ct
1246 3067 1362 3124 tandem
1385 3068 1529 3125 concludit
1552 3067 1699 3140 cogendos

903 3160 953 3200 eos
979 3158 1053 3224 esse,
1071 3140 1181 3212 quoties
1210 3139 1325 3207 utIlitas,
1354 3140 1399 3196 vel
1424 3140 1583 3196 necessitas
1607 3139 1699 3196 ecclc·

74 3232 137 3280 roeai
149 3226 278 3283 Clemens
306 3224 356 3297 iV)
379 3239 437 3280 uno
466 3231 574 3280 tantum
606 3221 738 3289 denario,
763 3233 848 3290 quem
903 3215 953 3271 siai
975 3215 1075 3286 exigit,
1102 3225 1158 3267 non
1185 3210 1266 3292 alias,
1289 3225 1351 3291 coo.
1383 3211 1408 3278 1,
1434 3210 1460 3280 2,
1477 3218 1505 3267 et
1520 3210 1657 3291 1111111,
1671 3214 1701 3264 et

76 3295 183 3352 bonnm
206 3302 329 3363 vocant,
357 3295 502 3351 ministros
530 3293 665 3350 Eccelsiae
694 3291 846 3357 estimavit,
903 3301 966 3343 con.
989 3287 1033 3341 itit
1069 3282 1112 3350 71,
1131 3282 1158 3338 d.
1177 3279 1261 3361 Addit
1276 3279 1382 3362 dictum
1407 3282 1600 3362 reponaris,
1622 3277 1700 3336 aliud

73 3378 124 3420 cum
138 3367 234 3435 sanxit,
250 3373 285 3424 ut
299 3367 324 3422 si
336 3366 400 3437 quis
415 3364 550 3422 clericum
566 3362 747 3430 interficeret,
763 3360 849 3417 unico
904 3355 980 3484 pund
992 3363 1036 3412 est
1050 3353 1177 3434 unicum,
1203 3358 1230 3408 et
1246 3365 1303 3422 iuri
1327 3357 1498 3406 contrarium
1507 3365 1516 3420 ;
1535 3365 1585 3422 per
1608 3349 1698 3406 liene·

116 3451 155 3492 sso
175 3445 334 3504 teneretur,
366 3443 397 3492 ut
425 3435 522 3492 scribit
545 3432 668 3491 lacobus
694 3432 850 3491 Cavacclus
914 3441 1034 3484 iciorum
1055 3435 1240 3480 amissionem
1263 3435 1314 3478 cos
1342 3436 1406 3476 esse
1423 3421 1586 3492 cogendos3
1613 3428 1640 3476 et
1665 3433 1702 3476 eii

86 3505 112 3562 e.
125 3508 148 3574 ³,
163 3508 284 3564 domnii
298 3511 402 3564 salicta
414 3507 544 3563 iustiora.
904 3498 950 3554 liis
968 3496 1101 3568 probator
1123 3506 1228 3571 verum·
1242 3505 1316 3558 esse,
1335 3488 1589 3571 quodrlancredus
1609 3503 1699 3570 anno·

102 3576 137 3648 (a)
162 3579 376 3648 arctoporopo
400 3574 610 3634 Mediolanensi.
637 3573 758 3630 Henrico
789 3571 849 3627 Set·
905 3567 975 3626 tavit
999 3565 1134 3623 adfinem
1154 3563 1251 3617 Tertio
1267 3563 1491 3630 compilationis,
1509 3559 1573 3628 boc,
1594 3568 1623 3616 et
1645 3559 1700 3642 alia

75 3646 353 3716 iariollediolanensi,
377 3647 412 3703 95
426 3645 659 3717 Arouieptsoopa
676 3641 850 3702 eiiBasilicre
905 3637 1034 3720 quisdam
1054 3634 1188 3718 capitula,
1207 3646 1271 3714 quae
1289 3630 1464 3688 Raimundus
1482 3645 1542 3688 suaa
1562 3630 1698 3702 compila-

77 3717 277 3790 llatmpolitauoe
296 3717 493 3792 cymiliarcha,
515 3718 544 3773 iii
557 3715 681 3772 maxima
702 3713 769 3771 cleri
791 3710 848 3768 dis·
906 3708 1540 3787 lioniadiexultffipttrittessd,ctntll1qi1din
1561 3701 1596 3783 ab
1613 3703 1700 3759 Inno-

78 3789 187 3845 sansione
208 3790 245 3846 ab
278 3789 404 3846 Honorio
421 3795 518 3845 nostro
537 3793 643 3854 creato,
668 3793 699 3842 ut
724 3782 851 3842 referunt
906 3780 999 3838 centio
1026 3780 1066 3836 lll
1094 3775 1185 3856 edita3
1206 3780 1358 3855 eratenim
1373 3787 1496 3845 maguus
1511 3771 1700 3855 iurisconsul-

78 3858 132 3915 lcta
145 3862 175 3917 l).
190 3861 283 3919 Caroli
298 3859 454 3918 Borromei.
906 3860 961 3919 tus,
981 3849 1065 3921 idque
1079 3862 1115 3904 ex
1132 3861 1193 3902 eus
1209 3859 1386 3916 proprioore
1401 3858 1432 3900 se
1448 3859 1593 3916 accepisse
1606 3842 1701 3900 ialert.

104 3929 135 4000 (i)
153 3931 298 3988 soonanis
321 3927 598 4000 proprietatatem
622 3940 679 3983 uno
703 3941 741 3984 m.
768 3941 791 3982 s.
822 3924 851 3980 in
907 3921 1063 3981 Concilium
1085 3862 1279 3998 TriIeiitinum
1301 3930 1364 3972 con.
1391 3915 1434 3997 li,
1459 3915 1596 3982 111121,
1629 3914 1702 3970 ultra

79 3999 129 4066 ilio,
140 4003 278 4074 Episcopi.
293 4002 380 4072 Lege,
398 4000 554 4057 suanensis
570 4015 576 4055 :
592 3999 686 4055 Suana
696 3995 771 4068 apud
785 3997 849 4052 Pto·
907 3990 1096 4065 progreditur,
1112 3995 1140 4044 et
1155 3985 1301 4043 dimidiam
1317 4000 1520 4067 canonicorum
1541 3992 1649 4056 partem
1661 3981 1704 4066 ¹ad

79 4069 186 4128 laneum
199 4072 247 4128 tid.
264 4073 321 4139 Ill,
336 4087 397 4142 cop.
415 4074 440 4140 l,
462 4069 547 4128 hodie
561 4083 667 4124 nomen
688 4069 801 4135 retinet,
824 4073 853 4120 et
907 4061 1108 4128 sacerdotium,
1128 4058 1245 4139 alteram
1266 4055 1302 4112 ad
1316 4055 1509 4137 diaconatum,
1525 4055 1570 4137 vel
1587 4054 1702 4112 subdia·

78 4139 157 4196 subest
178 4142 346 4214 archiepisc.
375 4143 495 4198 Senensi
517 4142 545 4196 iii
565 4139 696 4196 Thusoia.
714 4140 853 4209 Tempore
908 4141 1040 4191 conatum
1054 4130 1213 4199 adstringit,
1229 4125 1281 4182 suli
1293 4141 1375 4197 poeiia
1390 4140 1551 4207 amissionis
1564 4125 1704 4181 fructuum

81 4209 176 4269 donarii
188 4215 236 4282 lll,
252 4220 317 4270 erat
329 4213 357 4269 in
368 4213 513 4284 provincia
530 4213 668 4268 Romana.
908 4201 1134 4277 praebendarum,
1160 4211 1218 4252 nou
1242 4210 1311 4277 vero
1332 4195 1476 4276 beneficii,
1504 4195 1594 4275 quod·
1609 4201 1705 4274 tamen

108 4282 232 4340 statutum
245 4290 308 4341 arat
320 4283 505 4340 Novaricnsis
519 4281 647 4338 ecclesiae
662 4277 854 4350 sutri-agaoeae
908 4290 960 4350 usu
974 4279 1123 4351 receptum¹
1134 4268 1243 4324 luerat:
1260 4279 1318 4321 imo
1339 4266 1497 4348 Declaratio
1514 4264 1705 4346 cardinalium

78 4349 276 4412 llsdiolauausis
286 4355 330 4426 (de
345 4355 467 4421 Nocere,
480 4369 515 4409 en
532 4349 708 4420 bombardae)
725 4355 756 4404 ut
779 4354 855 4404 esset
909 4343 995 4411 addit,
1012 4356 1138 4413 qiininots
1153 4337 1314 4420 oritonoccr
1325 4340 1367 4417 “sit
1383 4351 1514 4416 tirinensis¹
1531 4339 1704 4414 1111111111-

79 4429 299 4484 cartusnumerus
314 4424 545 4489 canonicatuum,
567 4436 617 4478 seii
638 4418 854 4493 praebendarum
908 4417 959 4473 dns
977 4419 1002 4470 et
1021 4411 1188 4493 prebendis,
1211 4422 1331 4488 annoni
1354 4421 1514 4488 promoveri
1538 4405 1705 4486 septenarii,

80 4494 287 4564 meardnalium,
306 4495 386 4567 iuxta
405 4510 466 4564 cop.
486 4492 664 4560 inlirctertn,
682 4493 715 4548 dc
730 4491 852 4546 institut.
906 4485 1022 4558 privari
1038 4483 1147 4564 qnidam
1161 4493 1224 4535 noce
1245 4477 1382 4558 Capitoli,
1397 4477 1514 4533 sednon
1528 4475 1703 4531 distributio·

82 4561 337 4638 liabetunaquieque
352 4566 473 4622 ecclesia
484 4579 551 4622 suas
566 4564 645 4633 leges
658 4577 709 4634 pro
728 4561 855 4616 locorum
909 4572 979 4614 nont
993 4554 1224 4628 quotidianorum
1237 4553 1440 4674 percesstiona
1508 4617 1514 4629 .

82 4639 102 4710 at
113 4637 337 4694 consuetudinum
352 4637 499 4704 varietate,
515 4650 578 4692 can.
596 4632 751 4697 Gotliotico,
772 4631 799 4686 d.
814 4631 853 4698 ll,
947 4627 988 4699 (d)
1010 4626 1081 4682 Cito.
1109 4623 1250 4700 Honorius
1268 4633 1318 4674 ver
1339 4633 1386 4674 uni
1408 4619 1479 4700 Cito,
1507 4623 1707 4700 interpretatur

82 4701 259 4764 inbisscilicet
274 4705 426 4787 dequibus
440 4705 510 4762 nibil
525 4704 594 4761 certi
606 4702 701 4760 diviua
713 4701 856 4772 Scriptiua
911 4701 1129 4767 latcsumptum,
1140 4705 1197 4747 non
1207 4695 1501 4770 inpnuctoteiiiporis,
1518 4702 1547 4743 in
1561 4695 1707 4747 momento

82 4777 168 4844 statuit,
183 4793 243 4835 coo.
258 4779 291 4834 in
305 4778 360 4844 lits,
378 4777 451 4844 eud„
471 4775 629 4848 praesertim
643 4775 668 4830 si
691 4771 855 4844 Apostolioa
911 4771 941 4826 in
961 4766 1088 4832 articulo,
1102 4775 1137 4844 „tv
1149 4766 1213 4842 ῥοπῇ
1244 4759 1299 4828 vel,
1325 4767 1356 4816 ut
1380 4759 1710 4841 111111111,1ςταχιστᾳ,

83 4849 225 4906 ancnriiate
238 4847 345 4906 luerint
357 4847 484 4904 liiniatae.
912 4853 998 4912 quain
1008 4836 1168 4900 celerrime,
1186 4833 1236 4890 sed
1251 4841 1277 4890 tv
1292 4841 1377 4890 πλάτει
1388 4844 1438 4902 pro
1457 4829 1556 4886 latiore
1573 4837 1710 4902 temporis

111 4914 141 4982 (t)
169 4919 267 4976 tertio
297 4933 433 4974 nomana
464 4916 648 4974 sacerdotnm.
684 4912 857 4981 Quibusdam
913 4909 1016 4992 spatio,
1030 4907 1050 4964 l.
1061 4905 1167 4976 penult.
1182 4901 1214 4985 de
1231 4903 1347 4960 condiet.
1368 4899 1524 4983 triticorin.
1544 4901 1707 4984 Namnete-

84 4985 222 5052 praiirudis
236 5003 380 5047 annexum
393 4986 645 5046 estsacerdotium.
659 4984 750 5041 ltebIs
761 4985 856 5052 incop.
914 4989 990 5047 riter,
1004 4985 1157 5047 antequam
1174 4971 1288 5055 aliquod
1303 4972 1602 5043 damnumcontingat,
1620 4978 1706 5028 inici·-

83 5055 580 5128 1171111,111111111.;1αρ.1111111111
605 5057 857 5122 decernantnr·
914 5057 1039 5124 pretatur
1065 5047 1162 5130 glossa
1188 5059 1217 5102 iii
1239 5059 1300 5127 cop.
1314 5114 1320 5125 .
1330 5043 1567 5123 presbyterorum,
1593 5042 1627 5096 de
1651 5041 1708 5123 rad.

84 5123 144 5183 drot.
156 5130 221 5186 Aliis
235 5131 413 5195 diaconatus,
437 5129 500 5186 eills
520 5125 743 5183 subdiaconatus
765 5124 857 5193 Epist.
914 5124 1020 5180 Erotes.
1033 5119 1119 5174 alien.
1131 5116 1341 5198 etprobionnio
1351 5121 1470 5170 sumitur
1480 5127 1508 5167 iii
1521 5127 1582 5182 cop.
1594 5115 1710 5182 potnit,

86 5193 134 5264 tii,
148 5199 190 5255 lid.
214 5203 235 5269 l,
258 5201 418 5259 lunoccmii
441 5202 490 5256 lll.
507 5199 578 5255 Aliis
600 5197 693 5254 nudus
714 5194 783 5252 ordo
808 5209 858 5251 aii-
913 5195 947 5250 de
962 5194 1059 5248 loreto.
1081 5191 1121 5268 lta
1144 5194 1230 5244 etiam
1249 5183 1378 5268 verbum,
1398 5197 1472 5251 mon,
1486 5196 1551 5239 cuin
1567 5189 1708 5265 tempera-

85 5277 159 5324 ocnis
170 5277 220 5337 est,
236 5287 297 5341 cop.
313 5271 358 5339 ii,
373 5272 407 5327 de
416 5270 555 5340 praebend,
574 5269 605 5324 in
618 5268 651 5338 63
677 5265 861 5324 Innocentius
915 5270 1011 5320 mento
1024 5259 1170 5340 accinitur,
1186 5255 1317 5336 velutiad
1333 5251 1468 5334 triduom,
1481 5253 1513 5310 L.
1526 5268 1589 5309 enin
1602 5269 1711 5324 specio·

86 5337 151 5405 episi.
168 5341 225 5410 177,
241 5342 288 5398 lib.
313 5343 335 5409 l,
352 5348 390 5409 ei,
407 5341 490 5412 epist.
509 5340 553 5408 21,
571 5338 621 5396 lib.
645 5338 688 5406 11,
708 5343 738 5392 11
754 5335 792 5392 1111
810 5349 858 5392 co·
916 5335 962 5402 tis,
975 5335 1006 5390 G.
1019 5331 1052 5386 de
1061 5330 1202 5410 indiciis„
1219 5328 1290 5408 [⁴2⁸²
1307 5325 1376 5392 aba,
1394 5325 1479 5406 d.,de
1494 5339 1586 5394 error,
1606 5327 1710 5408 Adooc.

85 5407 745 5480 11111111111111111111111111111111,
761 5407 858 5477 §infe-
916 5406 960 5462 vel
987 5401 1022 5460 ad
1041 5401 1139 5480 decem
1167 5397 1228 5479 dies
1248 5412 1283 5478 ,in
1306 5397 1339 5453 L.
1350 5410 1526 5478 pronomen,
1548 5395 1590 5478 de,
1601 5402 1711 5454 constit.

87 5476 206 5541 1111111
221 5487 296 5540 etot.
316 5487 342 5538 et
358 5482 472 5552 quatit,
489 5480 517 5537 bi
540 5494 608 5536 vero
633 5479 776 5536 minime:
796 5477 862 5532 11111
913 5491 1024 5547 paean,
1040 5471 1087 5528 vel
1101 5466 1173 5550 inira
1189 5474 1304 5540 triginta
1329 5464 1391 5522 dies
1411 5467 1557 5548 decursio,
1580 5484 1611 5523 ni
1632 5469 1736 5524 autb.-

89 5545 143 5602 elias
156 5548 323 5622 disputatum
338 5551 435 5621 luerit,
452 5567 488 5609 aii
503 5565 605 5608 omnes
621 5548 753 5606 canonici
769 5561 860 5620 gene·
915 5547 949 5602 de
966 5543 1061 5602 mund.
1098 5555 1213 5610 rincip,
1240 5537 1357 5610 §sedet
1373 5537 1627 5620 succinentem&
1647 5552 1712 5594 <ium

89 5617 175 5689 taliter,
191 5621 237 5680 ubi
247 5638 303 5680 nou
318 5624 444 5696 ligantur
458 5629 574 5690 statuto,
590 5620 625 5678 ad
638 5619 753 5676 ordines
765 5632 862 5675 sacros
917 5617 1039 5690 primum
1079 5611 1187 5668 acuitas
1214 5624 1245 5666 se
1260 5607 1401 5666 obtulerit.
1422 5609 1455 5665 Ι..
1480 5609 1507 5676 2,
1532 5607 1546 5679 ἓ
1565 5613 1631 5665 item
1646 5622 1711 5664 con·

89 5692 366 5753 promoveridobeant.
382 5690 726 5762 Glossatnropnimrts.
742 5691 861 5745 dccliii.
917 5687 1020 5760 [istim.
1050 5684 1087 5739 od
1118 5681 1233 5738 Trebell.
1262 5677 1439 5752 Quandoque
1468 5692 1558 5749 usquc
1591 5677 1626 5734 ad
1660 5693 1710 5734 ari-
