3968 6296
96 424 150 484 aab

98 584 205 656 terem,
234 599 333 662 quam
352 585 431 648 tunc
453 586 682 650 refutavimus.
706 592 785 663 Quae
807 608 886 654 1919

97 681 268 758 privilegia
287 683 406 745 amodo
431 685 468 746 in
498 685 650 748 omnibus
673 687 887 768 infringimus

98 782 127 841 et
139 796 321 854 cassamus
337 783 385 844 ita
404 783 490 860 quod
514 784 638 846 nullius
660 787 791 864 penitus
815 804 887 848 mo-

96 878 191 939 menti
208 877 407 942 habeantur.
430 882 567 944 Necnon
582 883 764 945 refutamus
779 885 884 960 vobis,

95 977 126 1036 ut
156 975 282 1037 dictum
315 977 376 1047 est,
401 995 516 1041 omnes
544 979 620 1042 illas
646 982 886 1060 quinquaginta

96 1073 191 1133 libras
210 1075 501 1151 proveniensium,
527 1094 609 1155 quas
633 1079 668 1141 11
694 1080 762 1142 9119
785 1097 886 1141 mauu

94 1171 281 1248 praelibatus
297 1173 450 1234 dominus
474 1177 564 1254 Papa
587 1177 777 1239 Alexander
791 1178 886 1240 nobis

95 1267 209 1340 debuit,
224 1271 326 1347 prout
337 1271 373 1331 in
387 1287 448 1334 suo
470 1273 646 1350 privilegio
666 1291 755 1337 nunc
782 1293 886 1354 usque

95 1369 286 1444 comparuit,
300 1369 385 1446 quod
397 1369 523 1448 pariter
535 1371 747 1450 infringimus
760 1376 793 1436 et
807 1390 885 1436 cas-

93 1481 198 1526 samus
214 1467 248 1528 91
263 1467 459 1544 pradictum
481 1468 680 1532 beneficium
701 1472 885 1536 castrorum

95 1564 219 1640 penitus
235 1565 433 1628 refutamus.
449 1568 682 1647 Quodcumque
696 1570 808 1648 itaque
817 1573 884 1648 ina,

93 1663 124 1722 et
143 1678 387 1742 quamcumque
405 1665 569 1727 actionem
586 1665 794 1744 personalem
806 1670 839 1730 et
850 1669 886 1730 iu

94 1775 167 1832 rem,
193 1761 266 1822 9119
290 1761 561 1840 hypothecariam
584 1765 744 1826 adversus
767 1765 884 1843 11911-

95 1857 199 1918 batum
214 1858 388 1921 domiuum
410 1863 534 1938 Papam
558 1862 782 1936 Caelestinum,
804 1863 836 1926 91
850 1865 885 1924 11

95 1958 157 2032 ejus
179 1956 448 2033 possessionibus
464 1960 497 2021 et
510 1959 627 2032 bonis„
641 1961 674 2022 et
697 1961 886 2038 specialiter

94 2053 233 2116 indictis
250 2055 371 2116 castris
393 2055 426 2117 et
440 2056 543 2117 casali
562 2057 657 2119 nobis
674 2058 839 2134 obligatis,
853 2058 885 2120 et

94 2149 125 2210 in
143 2149 316 2214 beneficiis
340 2153 426 2214 datis
449 2154 516 2216 tarn
537 2157 612 2232 iure
633 2156 686 2218 191
709 2158 884 2218 occasione

95 2247 250 2322 beneficii,
268 2267 369 2328 quam
383 2251 483 2314 etiam
495 2253 647 2331 respectu
660 2253 882 2330 obligationis,

95 2345 123 2406 91
134 2345 233 2408 totius
252 2348 403 2425 praefixae
419 2351 569 2427 pecuniae
585 2351 619 2413 et
632 2355 704 2428 ejus
719 2352 884 2416 fructuum

95 2443 884 2529 relaccessionumhahemus,velhaberequoquo

95 2542 182 2604 modo
194 2557 381 2621 possemus,
399 2546 499 2606 etiam
512 2545 740 2625 undecumque
757 2549 790 2611 et
802 2566 884 2626 quo-

95 2640 328 2718 modocumque
348 2658 452 2720 usque
466 2643 563 2706 modo
583 2644 760 2723 quuslibet
774 2661 883 2708 causae

96 2736 140 2796 191
151 2737 199 2798 191
209 2738 399 2811 occasione,
409 2739 569 2800 adversus
582 2740 751 2803 dominum
760 2745 883 2818 Papam

95 2833 314 2908 Caelestinum,
345 2835 378 2897 et
403 2837 439 2897 in
462 2837 559 2899 dictis
588 2839 717 2912 castris,
747 2840 780 2901 et
807 2839 884 2900 aliis

97 2928 182 2991 bonis
197 2932 270 2994 suis
294 2948 445 3011 quaerere
470 2934 523 2996 191
547 2935 679 3012 litigare
700 2953 881 3013 1999911119,

95 3027 178 3090 uobis
192 3045 255 3106 pro
272 3046 323 3104 99,
340 3031 373 3093 91
387 3031 458 3092 suis
472 3033 731 3108 successoribus,
756 3035 793 3096 ut
813 3035 885 3098 dic-

95 3125 155 3186 tum
176 3127 238 3200 est,
256 3130 486 3206 procuratorio
507 3131 652 3204 nomine,
675 3131 712 3194 in
733 3133 883 3195 omnibus

94 3223 122 3284 91
132 3241 188 3300 per
200 3226 316 3286 omnia
330 3227 532 3302 generaliter
550 3230 628 3306 jure
649 3230 883 3292 transactionis

95 3321 282 3384 refutamus.
299 3325 365 3386 Pro
383 3326 524 3403 eoquod
545 3343 605 3388 vos
629 3342 689 3404 pro
715 3327 802 3390 dicto
824 3329 884 3390 do-

96 3419 177 3482 mino
198 3425 304 3498 Papa,
329 3425 425 3499 cujus
449 3425 645 3500 procurator
669 3425 759 3497 estis,
788 3426 883 3488 etex

94 3519 158 3592 eJus
186 3520 329 3596 pecnnia
356 3535 415 3596 pro
442 3521 533 3583 omni
553 3523 631 3600 jure
659 3523 772 3584 nostro
801 3524 882 3584 mihi

95 3615 183 3677 Petro
199 3616 338 3678 Latroni
362 3619 494 3680 centum
515 3619 632 3680 uncias
653 3617 732 3680 boni
754 3621 827 3680 auri
843 3621 884 3681 de

94 3725 164 3786 rege
187 3713 319 3776 solvitis
343 3729 444 3776 causa
467 3715 714 3789 transactionis,
744 3717 777 3780 91
800 3719 882 3780 milri

93 3809 233 3871 iohanni
254 3812 385 3874 Nicolai
400 3829 459 3890 pro
475 3813 562 3875 dicto
584 3814 711 3876 minore
726 3815 883 3892 praedicto

90 3907 159 3982 jure
173 3908 423 3982 transactionis,
446 3910 478 3972 et
493 3910 624 3972 decreto
651 3912 882 3988 praedictorum

90 4004 234 4078 iudicum
249 4006 334 4068 alias
354 4007 485 4068 centum
509 4007 584 4070 auri
608 4009 725 4070 uncias
751 4009 837 4071 datis
851 4011 884 4073 et

95 4102 228 4171 solvitis,
258 4119 341 4182 quas
364 4119 478 4166 omnes
502 4120 561 4181 pro
583 4106 656 4182 ipso
682 4106 821 4178 minore,
851 4108 884 4170 et

95 4200 278 4261 eorumdem
286 4201 437 4279 judicum
448 4202 591 4274 decreto,
605 4219 663 4280 pro
678 4204 816 4280 paterno
830 4203 883 4266 de·

95 4294 155 4358 bito
170 4298 276 4375 ipsius
291 4299 430 4360 minoris
444 4299 536 4362 solvo
551 4299 630 4360 filiis
644 4299 810 4377 quondam
823 4301 884 4362 do·

96 4394 170 4456 mim
186 4397 347 4474 Stephani
365 4397 560 4469 Normanni,
578 4398 634 4475 qui
652 4399 779 4474 partem
792 4401 884 4476 ejus-

96 4490 162 4552 dem
177 4494 316 4556 minoris
332 4495 433 4556 castri
448 4496 578 4556 Cereris
593 4495 682 4557 intus
698 4496 730 4556 91
744 4495 784 4556 de
799 4495 882 4557 foris

97 4605 293 4670 nuncusque
313 4591 373 4653 sub
395 4593 507 4654 usuris
531 4593 663 4669 pignori
683 4591 880 4666 habuerunt,

98 4687 175 4750 sicut
199 4707 259 4768 per
290 4690 558 4759 instrumentum,
592 4707 693 4752 manu
719 4691 882 4753 Johannis

99 4785 175 4847 Kalo
185 4787 354 4849 scriniarii
367 4789 537 4865 scriptum,
552 4804 655 4866 usqne
670 4789 767 4849 modo
779 4803 884 4865 appa-

99 4884 169 4957 ruit,
182 4887 266 4964 quod
286 4886 369 4948 mihi
383 4885 526 4947 incisum
539 4886 762 4948 reddiderunt.
778 4888 884 4962 Prop-

98 4981 182 5044 terea
201 5000 262 5060 ego
285 4983 455 5048 ,lohannes
477 4983 608 5046 Nicolai
629 5000 688 5060 pro
708 4984 795 5046 dicto
819 4989 884 5049 mi-

100 5093 183 5152 nore,
194 5083 225 5144 91
238 5098 299 5158 ego
315 5081 432 5143 Petrus
452 5082 562 5153 Latro,
576 5098 620 5142 ex
636 5081 718 5157 ipsis
734 5081 883 5147 ducentis

100 5178 166 5238 auri
179 5181 295 5252 unciis,
309 5180 341 5240 et
355 5195 398 5240 ex
408 5179 580 5255 omnijure
593 5180 716 5252 nostre,
734 5180 767 5242 91
778 5180 882 5258 ipsius

100 5275 238 5350 minoris,
255 5277 385 5354 quietos
406 5275 490 5337 bene
506 5292 675 5348 vocamus,
702 5277 734 5339 et
746 5294 812 5339 non
828 5296 883 5340 so-

100 5371 170 5435 lutae
192 5375 340 5453 pecuniae
365 5373 593 5452 exceptionem
621 5375 814 5437 refutamus.
845 5379 884 5438 Et

100 5471 171 5546 quia
185 5473 239 5534 diu
252 5473 339 5534 inter
354 5487 427 5544 nos,
449 5472 481 5533 et
496 5471 620 5533 dictum
635 5471 804 5534 dominum
818 5476 884 5535 Pa-

101 5584 170 5643 pam
183 5570 392 5633 Goelestinum
408 5569 441 5630 91
454 5568 715 5646 praedecessores
730 5573 802 5648 ejus
817 5588 884 5633 non

103 5666 198 5728 solum
209 5685 251 5731 ex
264 5667 423 5748 praedicto
438 5666 598 5729 beneficio
613 5669 808 5742 castrorum,
825 5686 884 5731 19-

104 5779 168 5827 rum
184 5768 280 5830 etiam
305 5783 347 5828 ex
370 5765 526 5828 universa
548 5766 721 5844 praelibata
743 5769 883 5845 pecunia

732 429 857 494 LlBER
879 429 1090 494 CENSUUM.

1676 427 1735 486 490

941 592 1074 654 uomina
1089 591 1315 669 impensarum
1329 603 1486 652 concessa
1499 587 1541 648 119
1563 587 1615 649 191
1633 586 1735 649 alter-

941 691 1027 752 catio
1040 689 1167 752 exstitit
1185 688 1354 752 nonnullis
1376 685 1614 766 quaestionibus
1632 686 1733 746 inno-

941 787 1028 860 data,
1064 787 1165 850 talem
1180 785 1285 860 ‚nobis
1315 785 1422 848 dictus
1457 785 1610 847 domiuus
1643 786 1735 860 Papa

940 881 1168 958 exceptionem
1177 879 1389 959 proponebat,
1400 880 1524 952 dicens,
1537 877 1734 942 beneficium

941 980 1049 1042 dantis
1063 979 1114 1043 191
1138 979 1330 1057 accipientis
1354 981 1459 1042 morte
1480 979 1581 1050 finiri,
1605 978 1734 1040 91119-

940 1079 1008 1140 tam
1023 1078 1198 1156 pecuniam
1217 1078 1319 1140 totam
1333 1076 1387 1138 191
1402 1077 1527 1154 partem
1547 1091 1621 1136 esse
1638 1075 1733 1136 nobis

940 1177 1094 1250 solutam,
1117 1175 1230 1239 multis
1249 1174 1504 1251 allegationibus
1529 1174 1731 1247 asserentem

941 1290 1001 1335 nos
1015 1275 1127 1336 tamen
1146 1291 1212 1336 non
1227 1274 1304 1335 aliis
1318 1272 1578 1350 probationibus,
1600 1271 1657 1330 sed
1675 1285 1735 1346 per

940 1372 1098 1449 praedicta
1130 1372 1306 1450 privilegia
1339 1369 1486 1433 nostram
1517 1369 1734 1430 intentionem

941 1469 1080 1532 fundare
1114 1470 1312 1533 nitebamur.
1346 1469 1493 1530 Tandem
1526 1467 1733 1528 dominorum

940 1568 1171 1642 cardinalium,
1200 1569 1233 1629 et
1258 1567 1399 1630 aliorum
1425 1565 1623 1642 prudentum
1643 1563 1735 1624 viro-

940 1681 1014 1726 rum
1048 1665 1198 1744 partibus
1229 1663 1542 1732 intervenientibus,
1579 1660 1734 1738 placabili

940 1764 1035 1841 pacto
1057 1763 1098 1824 ad
1127 1763 1215 1825 banc
1232 1762 1491 1824 transactionem
1509 1760 1732 1837 pervenimus,

940 1877 1040 1938 quum
1056 1863 1121 1922 tam
1137 1861 1257 1939 majori
1272 1877 1370 1938 quam
1382 1859 1504 1920 minori
1523 1858 1563 1918 de
1584 1872 1621 1917 re
1634 1856 1734 1916 dubia

940 1961 972 2021 91
999 1960 1056 2032 1119
1080 1959 1207 2021 incerta
1232 1974 1329 2036 posse
1350 1957 1536 2032 transigere
1557 1973 1577 2016 a
1605 1954 1733 2030 legibus

940 2057 1318 2135 permittatur.1deoqne
1338 2055 1456 2118 amodo
1481 2053 1657 2130 praedictus
1673 2052 1734 2112 do-

939 2157 1048 2217 minus
1075 2159 1176 2232 Papa
1199 2157 1232 2216 91
1264 2168 1473 2221 successores
1502 2155 1573 2228 ejus
1600 2167 1643 2211 ex
1671 2150 1733 2210 hac

939 2270 1041 2316 causa
1065 2254 1168 2331 quieti
1195 2267 1325 2330 semper
1350 2251 1383 2312 et
1406 2250 1536 2328 pacifici
1565 2251 1731 2310 maneant.

939 2354 1077 2429 Insuper
1103 2352 1203 2414 etiam
1229 2350 1461 2428 promittimus,
1490 2349 1552 2409 1199
1586 2349 1732 2408 nostrum

934 2454 1002 2529 jus,
1019 2451 1147 2512 scilicet
1161 2449 1227 2516 mei
1244 2449 1345 2520 Petri,
1369 2449 1401 2510 et
1416 2448 1495 2508 dicti
1514 2447 1664 2516 minoris,
1681 2446 1733 2506 to-

938 2551 1007 2612 tum
1020 2549 1073 2610 191
1084 2549 1211 2625 partam
1219 2547 1347 2609 nemini
1356 2561 1560 2616 concessum,
1573 2544 1625 2604 vel
1636 2543 1733 2604 aliter

938 2647 1119 2708 alienatum
1134 2644 1267 2706 habere.
1283 2646 1322 2706 Et
1335 2643 1524 2720 specialiter
1539 2657 1600 2717 ego
1614 2641 1732 2702 Petrus

939 2744 1104 2822 promitto,
1134 2743 1163 2802 si
1189 2741 1366 2820 predictus
1391 2740 1541 2816 impubes
1574 2739 1626 2800 191
1648 2738 1733 2798 91191

939 2845 1010 2919 ep’us
1023 2841 1185 2918 respectu,
1200 2840 1253 2902 191
1269 2855 1328 2917 pro
1343 2855 1382 2901 eo
1402 2839 1512 2916 aliquo
1534 2838 1569 2898 11
1584 2837 1732 2912 tempore

940 2941 1054 3002 contra
1070 2939 1155 3000 banc
1165 2937 1398 3000 refutationem
1419 2937 1532 2998 venire
1549 2951 1732 3012 praesump-

939 3038 1030 3106 serit,
1045 3053 1120 3098 eum
1133 3037 1304 3114 quiescere
1319 3036 1449 3097 faciam.
1468 3035 1502 3094 Si
1518 3031 1731 3102 uolneraret

939 3151 1004 3197 191
1015 3135 1164 3212 potuero,
1180 3135 1214 3196 91
1225 3133 1381 3196 damnum
1397 3131 1531 3211 aliquod
1546 3135 1618 3208 eJus
1633 3144 1729 3190 occa-

939 3233 1032 3294 sione
1047 3233 1153 3295 dictus
1173 3231 1326 3294 dominus
1348 3234 1450 3307 Papa,
1468 3231 1499 3290 et
1511 3231 1583 3305 ejus
1599 3242 1732 3288 succes-

939 3345 1031 3392 sores
1053 3331 1142 3406 passi
1162 3327 1295 3402 fuerint,
1321 3329 1388 3390 tam
1410 3344 1454 3389 ex
1477 3327 1540 3388 hoc
1564 3341 1662 3402 quam
1689 3340 1731 3385 ex

938 3428 1151 3489 concessione
1170 3426 1223 3488 191
1252 3427 1453 3488 alienatione
1474 3423 1623 3502 praedicti
1642 3423 1730 3499 juris

937 3526 1042 3587 nostri
1074 3524 1172 3596 facta,
1210 3525 1239 3585 si
1281 3522 1482 3602 apparuerit,
1513 3519 1598 3598 quod
1631 3519 1728 3590 absit,

938 3623 1052 3699 quanti
1081 3623 1253 3700 utriusque
1277 3637 1386 3683 causae
1415 3619 1527 3680 damni
1553 3616 1727 3687 exstiterit,

937 3719 1064 3781 tantum
1085 3720 1281 3782 auctoritate
1301 3717 1446 3795 propria,
1462 3717 1495 3778 et
1517 3715 1588 3776 sine
1604 3714 1730 3776 oflensa

934 3817 1032 3895 juris,
1055 3819 1088 3880 et
1109 3818 1252 3895 alicujus
1275 3816 1377 3877 curiae
1401 3814 1671 3892 proclamatione,
1695 3813 1731 3872 in

937 3915 1020 3976 meis
1035 3915 1133 3976 rebus
1148 3915 1181 3977 et
1193 3912 1458 3992 possessionibus
1473 3912 1607 3973 rusticis
1620 3911 1653 3972 et
1668 3926 1730 3970 ur-

937 4012 1033 4073 banis
1054 4013 1103 4072 919
1125 4010 1330 4088 placentibus
1340 4013 1418 4087 jnre
1443 4009 1592 4086 pignoris
1617 4008 1731 4070 191111-

938 4110 1023 4182 9911,
1040 4108 1132 4170 91919
1145 4107 1294 4185 plenarie
1309 4107 1526 4168 satisfaciant.
1550 4107 1590 4167 nt
1601 4104 1630 4165 si
1645 4121 1729 4165 con-

937 4205 1101 4267 tradicere
1120 4205 1305 4276 uolueras
1326 4206 1413 4280 jure,
1441 4203 1526 4280 quod
1548 4203 1583 4262 iu
1604 4201 1729 4261 eisdem

937 4303 1032 4365 bonis
1057 4301 1175 4374 habeo,
1211 4301 1337 4372 cadam,
1369 4301 1402 4361 91
1432 4298 1635 4360 tantumdem
1670 4312 1729 4375 pro

937 4417 1033 4478 poena
1048 4399 1208 4476 praestare
1220 4398 1346 4460 tenear.
1364 4397 1403 4458 Et
1416 4397 1495 4458 huic
1516 4396 1732 4480 promissioni·

938 4498 1046 4560 sciens
1071 4513 1124 4558 119
1148 4495 1275 4572 legibus
1301 4494 1466 4572 adJuvari
1491 4509 1531 4554 eo
1560 4492 1645 4569 quod
1669 4509 1729 4569 pro

937 4597 1065 4656 minore
1091 4592 1269 4664 intercedo,
1294 4591 1377 4652 illud
1408 4591 1535 4652 scilicet
1555 4590 1643 4667 juris
1671 4589 1728 4668 Ι191

937 4693 1046 4769 legum
1070 4691 1244 4762 auxilium,
1262 4689 1295 4751 91
1317 4704 1413 4749 omne
1438 4686 1540 4757 aliud,
1566 4687 1653 4764 quod
1667 4703 1727 4764 pro

938 4806 989 4850 me
1003 4791 1038 4850 in
1059 4788 1123 4850 hac
1142 4801 1243 4849 causa
1267 4787 1401 4848 omniuo
1420 4785 1642 4847 introductum
1666 4785 1726 4858 est,

937 4886 1070 4947 omnino
1085 4884 1203 4948 refuto.
1227 4883 1394 4945 Praeterea
1416 4899 1476 4959 ego
1489 4883 1596 4944 dictus
1611 4884 1728 4946 Petrus

937 4985 1047 5055 Latro,
1075 4984 1108 5044 91
1134 4981 1486 5060 1199191991911911199
1514 4981 1646 5043 Ν199111
1667 4998 1727 5060 pro

922 5082 1024 5147 ,dicto
1037 5081 1163 5142 minore
1175 5080 1212 5141 in
1224 5079 1376 5141 omnibus
1395 5080 1561 5156 praedictis
1575 5081 1729 5156 capitulis

937 5177 1119 5240 refutamus
1132 5193 1228 5239 omne
1234 5179 1291 5254 J'us
1301 5177 1475 5262 etomuem
1486 5179 1726 5254 exceptionem,

938 5277 1067 5353 quanti
1087 5290 1259 5353 possemus
1283 5290 1412 5352 quoquo
1432 5273 1528 5335 modo
1547 5274 1590 5335 ad
1613 5277 1730 5338 infrin-

937 5373 1056 5450 genda,
1077 5389 1150 5451 quae
1176 5372 1263 5433 dicta
1291 5373 1369 5433 sunt
1395 5371 1517 5432 omnia.
1540 5374 1729 5436 Novissime

938 5473 1047 5534 autern
1062 5486 1122 5546 ego
1138 5471 1255 5530 Petrus
1270 5469 1369 5530 Latro
1379 5483 1439 5546 pro
1456 5471 1556 5531 meet
1576 5471 1729 5532 11919119-

938 5569 1072 5632 redibus
1095 5568 1128 5631 91
1146 5566 1404 5639 successoribus,
1427 5567 1460 5628 et
1482 5583 1543 5644 ego
1557 5567 1727 5629 lohannes

938 5665 1068 5728 Nicolai
1083 5681 1142 5742 pro
1160 5664 1246 5727 dioto
1261 5665 1400 5736 minore,
1417 5665 1449 5726 et
1464 5667 1535 5742 eJus
1550 5664 1727 5726 heredibus

938 5766 970 5826 91
983 5762 1238 5836 successoribus,
1260 5761 1378 5837 officio,
1400 5776 1463 5840 quo
1479 5762 1608 5838 fungor,
1632 5761 1726 5824 vobis
