3954 6358
1407 154 1434 202 ,ς
1459 145 1475 184 :a

47 303 97 366 76²5
455 295 499 366 IN
522 295 861 371 QUADRAcsslma.
884 297 1089 362 DOMINIGA
1110 297 1254 366 PRIMA.
1616 311 1676 374 766

48 459 104 522 alla
118 469 291 535 purpurea,
308 453 375 518 alla
387 454 506 518 lactea.
526 457 716 534 sanguinea
729 456 826 520 estin
883 461 984 522 Sacra
1001 461 1172 538 Scriptura
1193 461 1360 526 illuminat
1381 463 1481 527 corda
1498 466 1612 529 nostra
1634 455 1676 532 a'd

48 553 233 632 martyribus
253 553 310 631 qui
324 553 535 630 insanguine
550 556 635 631 agni
650 570 827 632 corporum
881 559 970 620 recte
987 559 1251 635 intelligendum,
1274 565 1307 624 et
1330 564 1482 626 accendit
1496 564 1537 625 ad
1551 555 1675 628 honum

48 669 167 715 suorum
178 651 371 713 indumenta
382 653 538 714 lavarunt
552 653 584 714 et
596 668 655 731 per
669 653 734 714 iter
743 667 828 713 mar·
882 657 1096 732 operandum.
1112 658 1281 721 illuminat
1299 660 1339 722 ad
1355 662 1539 736 scientiam,
1554 679 1677 726 accen-

47 751 115 829 tyrii
135 749 378 826 triumphantes
397 749 583 814 altitudinis
603 751 723 813 solium
749 749 829 812 atti·
882 753 979 816 ditad
991 755 1198 818 charitatem.
1209 756 1387 832 illuminat,
1398 761 1434 823 ut
1443 778 1516 838 quaa
1526 761 1678 825 iacienda

44 848 163 926 gerunt.
189 850 361 924 Purpurea
380 848 432 910 θεῖ
451 847 487 908 in
504 848 751 910 consessoribus
772 847 827 924 qui
883 852 970 920 sunt,
987 867 1242 931 cognoscamus;
1258 857 1419 931 accendit,
1441 860 1478 921 ut
1494 858 1580 921 hona
1603 877 1677 938 quae

47 949 144 1008 insua
158 961 259 1007 carne
282 946 423 1022 vestigia
443 946 563 1008 divinae
585 945 749 1024 passionis
769 961 828 1022 per
883 951 1113 1025 cognoscimus
1140 950 1315 1016 faciamus.
1348 956 1553 1020 Vestimenta
1582 960 1678 1020 extra

45 1044 267 1106 abstinentiam
288 1044 534 1121 expresserunt,
555 1045 588 1106 et
601 1044 638 1104 in
659 1043 728 1104 suis
748 1059 827 1104 cor·
882 1045 1033 1109 homines
1056 1047 1143 1122 sunt,
1162 1067 1246 1127 quae,
1264 1051 1292 1112 si
1307 1053 1446 1129 pulchra
1464 1055 1541 1128 sint,
1566 1037 1678 1117 homi-

44 1141 167 1220 poribus
190 1141 365 1204 vulnerum
385 1143 508 1204 Christi
532 1142 687 1218 stigmata
710 1141 827 1219 porta-
883 1161 959 1206 nem
981 1147 1160 1223 plurimum
1181 1134 1355 1213 exornant.
1389 1151 1466 1214 Ideo
1486 1169 1546 1230 per
1567 1155 1677 1216 vesti-

44 1240 164 1302 reruut.
187 1242 308 1302 Lactea
327 1240 426 1302 estin
440 1240 626 1316 virginibus
644 1255 718 1316 quae
735 1238 770 1300 in
792 1254 828 1300 εθ
883 1244 996 1306 menta
1017 1245 1142 1308 Christi
1170 1261 1278 1309 sermo
1311 1249 1443 1310 divinus
1471 1251 1504 1312 et
1527 1250 1678 1312 doctrina

45 1339 117 1416 ipsis
133 1338 286 1415 puritatis
301 1339 462 1416 angelicae
482 1337 693 1400 candidatum
712 1336 745 1398 et
757 1335 830 1398 vir·
883 1341 1138 1418 praedicatorum
1153 1343 1361 1422 intelligitur.
1377 1347 1439 1419 Qui
1452 1347 1609 1409 nimirum
1624 1365 1679 1411 ex·

47 1439 126 1500 tutes
157 1436 385 1498 sanctimoniae
416 1435 674 1508 consecrarunt,
711 1436 745 1496 et
769 1451 829 1512 per
883 1439 935 1500 tra
949 1439 1117 1502 hominem
1137 1442 1198 1514 est,
1213 1443 1344 1521 quando
1359 1461 1378 1506 a
1395 1445 1613 1522 praedicatore
1637 1425 1679 1508 ad

42 1536 123 1596 riam
147 1535 319 1596 munditiae
345 1534 386 1595 ad
410 1534 582 1611 amplexus
608 1534 641 1596 et
662 1532 828 1596 thalamos
883 1538 1040 1614 populum
1068 1539 1244 1616 profertur,
1272 1541 1306 1603 et
1329 1543 1357 1603 si
1381 1543 1551 1620 speciosus
1566 1543 1677 1616 luerit,

44 1633 107 1696 reri
121 1633 234 1711 sponsi
245 1633 405 1695 virtutum
424 1633 543 1710 pennis
558 1631 701 1694 feliciter
715 1629 831 1694 erola·
884 1634 979 1708 idest,
995 1637 1177 1714 composite
1192 1639 1225 1702 et
1247 1639 1400 1702 distincte
1418 1640 1566 1718 prolatus
1588 1656 1680 1703 more

43 1731 164 1794 rerunt.
192 1730 292 1792 Recte
311 1746 390 1807 ergo
408 1729 742 1807 haectranstiguratio
756 1728 830 1806 post
882 1733 1098 1795 testimonum
1126 1735 1348 1812 proterentem
1374 1738 1553 1815 plurimum
1580 1745 1683 1800 exor-

43 1830 106 1890 dies
126 1846 187 1890 sex
206 1828 293 1891 iacta
317 1829 420 1890 luisse
434 1830 602 1899 narratur,
619 1829 697 1906 quia
718 1827 829 1889 lutura
884 1831 952 1892 nat.
990 1832 1084 1893 Unde
1118 1833 1396 1897 Ecclesiasticus:
1431 1836 1682 1898 Omaamemtum

43 1927 232 2002 glorificatio
252 1928 455 2005 promittitur
468 1927 504 1987 in
518 1927 666 2005 requiem
683 1925 757 2004 post
777 1924 830 1986 la·
881 1933 1049 2003 prudenti
1062 1931 1220 1994 doctrino
1236 1929 1337 2012 (Eccl.
1351 1949 1422 2006 xrm,
1438 1932 1504 2012 24).
1518 1936 1597 1995 Haec
1612 1949 1679 1994 au-

42 2025 156 2087 horem.
181 2025 321 2087 Multum
346 2039 426 2100 ergo
445 2023 636 2086 desiderare
659 2023 827 2095 dehemus,
883 2028 950 2089 tem
968 2027 1176 2101 vestimenta,
1199 2029 1295 2103 idest,
1320 2030 1432 2092 divina
1452 2031 1584 2108 eloquia
1603 2031 1682 2094 sunt

42 2125 74 2184 ut
94 2123 127 2184 hi
149 2139 212 2184 sex
230 2123 301 2185 dies
323 2123 506 2194 transeant,
535 2123 697 2199 quatenus
717 2137 829 2198 regem
884 2123 960 2186 alba
975 2125 1061 2188 sicut
1075 2125 1144 2188 nix.
1163 2127 1232 2188 Nix
1250 2128 1316 2189 tria
1331 2128 1449 2190 habet:
1466 2129 1507 2189 de
1524 2127 1608 2190 coelo
1621 2144 1683 2191 ve-

42 2223 205 2294 nostrum,
243 2221 339 2293 idest,
370 2220 536 2281 Christum
563 2221 598 2280 in
625 2235 684 2280 suo
711 2219 830 2280 decore
884 2223 943 2296 nit,
962 2223 1037 2284 alba
1052 2225 1113 2298 θεῖ,
1128 2225 1161 2287 et
1171 2224 1303 2302 frigida.
1319 2227 1375 2288 Sic
1385 2227 1417 2288 et
1429 2242 1537 2288 sermo
1548 2227 1680 2288 divinus

43 2335 170 2396 suaeque
194 2317 377 2396 majestatis
405 2318 513 2395 gloria
536 2317 719 2406 rideamus,
745 2317 831 2378 sicut
885 2321 1096 2398 praedicatori
1118 2338 1138 2384 a
1161 2325 1301 2385 Domino
1326 2324 1433 2397 datur,
1451 2325 1508 2402 qui
1521 2323 1681 2386 candidus

43 2417 116 2478 dicit
126 2417 251 2478 isaias:
270 2419 443 2494 Recemim
454 2407 827 2487 mommoriacensi,
885 2434 959 2480 esse
974 2419 1080 2493 dehet,
1098 2420 1133 2482 ut
1144 2421 1271 2482 nullam
1286 2422 1523 2498 nigritudinem
1540 2423 1677 2492 erroris,

40 2516 72 2576 et
86 2516 220 2577 terram
234 2518 274 2576 de
286 2520 383 2590 longe
398 2515 540 2575 cerneret
555 2511 612 2592 (Is.
626 2529 748 2586 xxxin,
764 2511 827 2593 17).
885 2517 1076 2596 nullamque
1095 2518 1261 2580 maculam
1287 2518 1451 2596 superbiae
1467 2520 1502 2580 in
1517 2536 1553 2580 se
1568 2519 1678 2581 habet.

77 2614 245 2685 Quomodo
258 2613 369 2674 autem
385 2612 530 2688 seipsum
545 2611 706 2672 Dominus
716 2613 830 2673 trans·
885 2615 988 2677 Debet
1008 2632 1082 2678 esse
1097 2619 1129 2678 et
1141 2616 1281 2693 frigidus
1297 2617 1395 2678 homo
1411 2618 1468 2696 qui
1482 2616 1681 2679 naturaliter

42 2710 253 2787 figuraveritl
276 2710 487 2786 Evangelista
506 2708 659 2777 ostendit,
681 2725 755 2769 cum
779 2707 832 2768 di·
885 2711 1025 2789 frigidus
1040 2715 1101 2787 est,
1118 2715 1229 2776 castus
1244 2731 1318 2776 esse
1332 2715 1426 2777 solet.
1456 2715 1511 2776 Sic
1523 2714 1556 2776 et
1571 2729 1680 2775 sermo

43 2809 102 2870 cit:
125 2811 173 2872 Εῖ
194 2809 404 2884 resplenduit
430 2810 537 2883 foetes
565 2810 640 2880 ejus
657 2805 747 2868 sicact
768 2811 829 2878 sol,
886 2811 1020 2872 divinus
1034 2828 1071 2872 se
1092 2812 1315 2890 proterentem
1331 2813 1363 2874 et
1386 2829 1422 2874 se
1444 2811 1681 2890 suscipientem

40 2908 241 2970 vestimento
257 2907 463 2979 caramerus
478 2905 752 2980 soctasuotaiea
771 2919 832 2966 oe·
886 2907 1012 2968 castum
1048 2907 1186 2969 reddere
1217 2908 1311 2970 solet.
1352 2907 1445 2969 Unde
1480 2906 1679 2968 Psalmista:

40 3007 161 3066 lar-taire
179 3003 309 3083 (Matth.
328 3020 411 3076 svn,
427 3002 474 3083 2).
502 3005 567 3064 Per
587 3002 707 3064 faciem
732 3000 831 3063 homo
885 3007 1029 3078 siceram
1049 3007 1189 3067 Domini
1211 3009 1343 3080 cloquio
1361 3006 1457 3067 casta
1481 3008 1547 3088 (Ps.
1573 3005 1622 3077 11,
1647 3000 1681 3083 7)

38 3103 266 3178 cognoscitur:
281 3103 397 3164 Facies
428 3099 500 3178 ejus
527 3115 600 3178 quaa
626 3097 832 3177 resplenduit
886 3117 946 3178 per
957 3101 1122 3176 effectum,
1137 3103 1215 3180 quia
1230 3103 1356 3165 iaciunt
1370 3102 1510 3165 eastum.

37 3201 118 3263 sicut
136 3201 201 3274 sol,
224 3200 392 3276 significat
413 3197 599 3261 claritatem
623 3199 829 3260 Sanctorum.
925 3200 1105 3263 Videamus
1127 3202 1213 3278 quod
1234 3201 1270 3262 in
1291 3200 1584 3277 transfiguratione
1607 3197 1682 3259 dic-

38 3299 126 3360 Unde
155 3299 320 3360 Dominus
350 3299 386 3358 in
415 3295 619 3373 Evangelio:
642 3296 833 3371 Pallescunt
886 3296 956 3358 tum
978 3297 1031 3360 sit.
1054 3289 1185 3376 Moyses
1209 3299 1242 3360 et
1264 3300 1374 3360 Eelias
1394 3299 1450 3376 qui
1473 3299 1552 3361 tunc
1577 3312 1683 3374 appa-

30 3397 113 3466 nso
126 3397 220 3458 sicot
231 3400 281 3458 sol
294 3399 331 3457 tra
346 3391 829 3474 repnoPotris(Matth.x111,
885 3396 1039 3468 ruerunt,
1062 3395 1215 3457 dicebant
1238 3412 1411 3458 excessum
1435 3393 1559 3456 Christi
1578 3409 1683 3476 quem

35 3491 95 3570 43),
110 3494 192 3570 quia
207 3491 299 3554 tanta
315 3492 379 3554 erit
393 3491 530 3552 claritas
549 3490 745 3552 Sanctorum
759 3489 833 3566 post
886 3491 1109 3569 completurus
1134 3494 1206 3555 erat
1226 3494 1262 3554 in
1286 3492 1488 3566 Jerusalem,
1517 3491 1603 3553 sicut
1630 3490 1684 3550 di-

35 3591 324 3662 resurrectionem,
354 3589 476 3666 quanta
503 3586 566 3649 luit
578 3585 777 3664 glorificatio
797 3586 832 3646 in
887 3589 932 3652 cit
957 3593 1079 3664 Lucas,
1110 3593 1229 3653 Petrus
1256 3591 1393 3669 inquit:
1420 3593 1606 3652 Faciamus
1630 3591 1685 3651 hie

35 3685 340 3764 transfiguratione.
370 3685 574 3748 Vestimenta
608 3683 733 3745 Christi
759 3697 832 3760 quas
887 3689 958 3750 tric
980 3689 1209 3761 todemsoculo,
1229 3689 1289 3750 aaa
1305 3703 1429 3762 onum,
1445 3690 1558 3762 Mopsi
1575 3701 1685 3748 omum

34 3781 167 3848 luerunt
182 3785 325 3847 candida
338 3782 442 3845 veluti
458 3783 529 3856 nix,
550 3781 739 3858 significant
757 3795 833 3842 cor-
887 3787 921 3848 et
945 3789 1030 3848 Elaea
1050 3801 1160 3848 omum
1188 3783 1319 3866 (Matth.
1343 3801 1426 3858 xvn,
1449 3783 1494 3866 4).
1519 3783 1619 3846 Pater
1644 3783 1685 3845 de

35 3897 111 3956 pora
118 3880 471 3960 justorumquaeerunt
480 3879 601 3940 munda
611 3878 653 3940 ab
664 3878 834 3955 omnipec·
888 3884 976 3945 nube
994 3884 1150 3946 intonans
1170 3883 1255 3947 dixit
1274 3907 1281 3946 ε
1301 3888 1369 3946 Hic
1389 3884 1441 3945 est
1459 3887 1569 3944 Filius
1586 3897 1685 3944 meus

35 3981 160 4054 cato,et
180 3981 223 4042 ah
235 3980 327 4041 omni
345 3978 569 4055 corruptione.
586 3979 690 4040 Porro
709 3975 834 4053 quanta
887 3981 1028 4044 dilectus
1042 3985 1080 4042 in
1095 3996 1160 4056 quo
1179 3985 1265 4045 mihi
1282 3985 1363 4044 bene
1377 3982 1566 4055 complacet
1585 3976 1683 4058 (lhid.

29 4077 225 4141 differentia
243 4077 294 4139 est
313 4077 403 4138 inter
416 4075 602 4138 claritatem
620 4073 710 4145 solis,
728 4075 761 4134 et
775 4073 832 4133 ni·
887 4095 971 4152 xvu,
987 4077 1033 4157 5).

34 4178 81 4238 ris
108 4177 303 4248 candorem,
326 4174 418 4237 tanta
445 4173 497 4235 θεῖ
531 4171 721 4234 differentia
745 4171 834 4232 inter
928 4177 1079 4254 Quinque
1094 4175 1204 4237 autem
1224 4191 1268 4238 ex
1287 4175 1397 4237 causis
1418 4173 1574 4251 apparuit
1587 4173 1685 4234 Jesus

33 4275 177 4350 gloriam
201 4274 319 4351 capitis
334 4273 367 4334 et
380 4271 657 4347 glorificationem
672 4268 834 4330 membro-
888 4274 1143 4351 transfiguratus
1164 4273 1200 4335 in
1227 4273 1336 4334 medio
1364 4272 1491 4350 Moysis
1515 4271 1548 4332 et
1567 4269 1684 4331 Heliae.

29 4387 116 4433 rum.
131 4371 228 4434 Talis
244 4386 324 4446 ergo
341 4367 597 4445 transfiguratus
610 4369 661 4429 est
674 4366 833 4427 Dominus
889 4372 1013 4445 Prima,
1035 4372 1111 4451 quia
1129 4371 1243 4433 Helias
1266 4371 1364 4433 vivus
1387 4370 1420 4431 et
1439 4371 1571 4446 Moyses
1592 4381 1686 4428 mor·

32 4486 146 4531 coram
163 4468 344 4546 Discipulis
358 4467 428 4528 suis
442 4467 478 4527 in
494 4467 620 4538 monte,
639 4463 746 4542 qualis
762 4463 835 4541 POSt
888 4470 965 4533 tuus
979 4471 1049 4532 est:
1066 4470 1102 4532 ut
1116 4469 1304 4531 ostenderet
1319 4485 1354 4530 se
1367 4483 1440 4530 esse
1452 4466 1628 4529 Dominum
1640 4463 1688 4526 ri·

31 4566 119 4629 hanc
133 4568 243 4630 vitam
262 4567 297 4626 in
319 4581 423 4642 regno
444 4562 647 4625 suo-cunctis
665 4562 735 4622 suis
747 4561 834 4622 tide-
888 4585 1006 4632 vorum
1030 4570 1063 4630 et
1086 4569 1303 4639 mortuorum,
1324 4567 1357 4628 et
1380 4564 1517 4626 haberet
1531 4563 1686 4625 testimo-

29 4663 118 4727 libus
155 4663 343 4742 apparebit.
382 4662 466 4734 Quia
496 4661 533 4723 ut
557 4659 734 4739 Apostolus
762 4659 833 4721 ait:
890 4683 968 4728 num
991 4665 1115 4728 avivis
1142 4665 1174 4726 et
1198 4681 1218 4726 a
1241 4664 1391 4726 mortuis.
1419 4661 1582 4730 Secunda,
1608 4659 1687 4738 quia

28 4765 134 4824 Nilne
148 4765 309 4824 videmos
316 4775 383 4836 W
397 4765 571 4835 speculem
589 4762 625 4820 ta
639 4759 833 4834 &hiemales
891 4765 980 4827 Elias
994 4763 1045 4826 est
1058 4763 1093 4823 in
1107 4763 1274 4841 paradiso,
1292 4763 1325 4825 et
1336 4763 1469 4839 Moyses
1483 4760 1631 4830 interra,
1648 4759 1686 4819 ut

31 4863 113 4923 trine
127 4861 252 4923 autem
265 4861 454 4920 videbimus
469 4871 549 4918 eum
559 4860 647 4932 facte
658 4860 703 4918 ad
712 4859 837 4930 sociem
890 4862 1029 4924 haberet
1046 4861 1272 4924 testimonium
1290 4876 1310 4922 a
1333 4859 1489 4938 paradiso
1505 4858 1538 4920 et
1552 4856 1685 4929 eterra,

29 4956 59 5037 (I
87 4961 170 5020 Gor·
199 4971 273 5029 xm,
302 4954 366 5035 12)·
396 4956 436 5017 El
458 4955 545 5016 Sicut
569 4954 650 5016 dicit
669 4955 834 5015 Manuos:
891 4963 924 5023 θῖ
938 4959 1126 5022 ostenderet
1147 4975 1182 5020 se
1208 4974 1280 5020 esse
1298 4958 1473 5019 Dominum
1489 4955 1565 5016 coeli
1578 4958 1611 5016 et
1625 4955 1690 5015 ter·

30 5060 120 5117 Com
145 5054 366 5130 apparuerat,
392 5055 524 5115 similes
544 5055 577 5114 et
594 5055 737 5124 erimus,
753 5066 838 5126 qao
891 5073 949 5120 rae.
966 5056 1088 5130 Tertia,
1113 5056 1192 5134 quia
1214 5057 1346 5133 Moyses
1370 5053 1433 5116 fuit
1456 5051 1638 5130 legislator,
1655 5053 1688 5112 et

27 5150 524 5216 triumvidebtmtltettmttwti
534 5147 835 5231 6⁸5(IJ0811·111›2)·
892 5155 1006 5218 Helias
1029 5154 1202 5236 propheta,
1233 5155 1270 5216 ut
1296 5151 1434 5215 haberet
1461 5149 1688 5213 testimonium

28 5253 104 5325 Vel,
124 5249 321 5329 perlaciem
336 5248 459 5310 Christi
483 5249 586 5310 Sacra
600 5247 770 5325 Sssrilltura
783 5247 839 5308 in·
893 5269 913 5315 a
933 5254 1007 5330 lege
1029 5253 1062 5315 et
1086 5251 1268 5330 prophetis,
1294 5253 1327 5313 θῖ
1355 5248 1545 5312 ostenderet
1559 5264 1595 5309 se
1614 5261 1689 5308 essa

28 5349 204 5426 telligitur
222 5347 259 5408 in
282 5361 347 5424 qua
365 5345 399 5408 et
418 5361 479 5423 per
500 5361 599 5423 quam
617 5346 678 5407 Dei
692 5343 837 5422 cognitio
892 5353 1068 5414 Dominum
1079 5349 1430 5426 omniumtemporum.
1448 5341 1530 5419 Quia
1538 5346 1604 5408 tria
1612 5343 1690 5406 sunt

28 5445 244 5508 insinuatur.
260 5445 340 5506 Haec
355 5443 466 5505 autem
485 5442 600 5516 facies,
620 5443 718 5516 idest,
737 5444 839 5505 sacra
892 5450 1059 5528 tempora3
1084 5449 1228 5526 primum
1254 5447 1331 5509 ante
1357 5446 1475 5522 legem,
1507 5442 1689 5506 secuudum

30 5544 218 5622 Scriptura
243 5540 434 5618 resplendet
465 5539 560 5603 nobis
584 5540 671 5603 sicut
700 5539 761 5616 sol;
789 5539 838 5600 sol
894 5545 1064 5622 sublege,
1091 5545 1279 5609 ettertium
1309 5544 1368 5605 sub
1397 5543 1516 5620 gratia.
1545 5543 1688 5615 Tempus

30 5643 126 5704 enirn
139 5642 210 5703 duo
224 5637 315 5713 lacit,
332 5638 499 5702 illuminat
513 5639 546 5702 et
560 5637 722 5701 calefacit.
740 5635 840 5702 sicet
894 5645 971 5708 ante
985 5645 1093 5722 legam
1108 5643 1183 5710 fluit
1193 5642 1234 5706 ab
1246 5641 1350 5704 Adam
1366 5655 1470 5718 usque
1485 5639 1526 5702 ad
1539 5639 1687 5715 Moysen,
