3962 6294
267 315 329 374 327
887 302 1064 374 HONORII
1085 314 1131 374 ΙΙΙ
1152 315 1301 378 OPERA.
1854 321 1908 384 328

271 473 510 534 cenomanensi
528 471 615 534 Villa
631 473 729 532 situm
752 487 825 534 esse
845 472 1062 549 dignoscitur,
1120 473 1214 537 vobis
1253 470 1451 538 auctoritaie
1477 473 1692 554 dignaremur
1726 483 1907 560 ¹lpostolica

272 573 304 633 et
327 571 393 649 ipsi
420 571 669 649 procurationes
685 585 720 632 se
741 571 896 634 asserunt
910 571 1065 650 episcopo
1119 573 1304 650 indulgere.
1326 575 1432 647 Quum
1447 589 1526 653 ergo
1546 577 1628 640 locis
1641 578 1831 657 hujusmodi
1844 599 1906 646 non

260 669 505 730 bactenusnon
518 668 669 741 solvisse,
682 669 1066 746 quanquamexernptio-
1119 671 1165 732 sit
1188 672 1413 734 necessarium
1440 673 1587 736 officium
1614 675 1817 742 visitationis
1842 682 1907 742 im-

270 767 323 828 nis
352 767 560 845 privilegium
587 783 654 828 non
683 767 866 840 ostendant,
899 768 932 830 ct
958 767 1064 829 eidem
1119 769 1228 846 pendi,
1246 772 1341 846 cujus
1354 785 1454 832 causa
1465 775 1717 850 procurationes
1740 777 1908 852 debentur,

270 865 423 942 episcopo
448 864 613 942 competat
629 867 685 942 J'us
708 880 891 927 commune.
908 865 1064 928 volentes
1118 881 1179 928 nos
1203 868 1323 930 vestris
1339 869 1636 947 supplicationibus
1659 877 1853 950 annuentes,
1868 895 1910 940 ne

270 961 372 1036 igitur
387 961 422 1023 ut
440 962 516 1022 linis
532 961 645 1023 litibus
660 962 859 1039 imponatur,
877 962 959 1024 disc.
972 979 1004 1024 v.
1018 979 1061 1024 m.
1117 965 1249 1028 ratione
1269 966 1421 1030 locorum
1439 968 1556 1032 talium
1569 973 1820 1048 procurationes
1839 977 1911 1038 sol-

269 1059 442 1136 quatenus,
477 1059 543 1120 nisi
578 1059 657 1121 dicti
689 1059 792 1122 abbas
818 1065 851 1122 et
881 1063 1062 1123 conventus
1117 1079 1196 1124 vere
1224 1066 1470 1142 compellamini
1488 1068 1684 1132 auctoritate
1699 1076 1910 1149 praesentium

268 1156 357 1217 aliud
382 1156 581 1219 rationabile
608 1158 813 1220 ostenderint
835 1159 868 1220 ot
895 1159 1062 1236 probava-
1118 1160 1341 1238 indulgemus.

268 1255 345 1328 rint,
374 1255 614 1332 propterquod
636 1255 701 1332 ipsi
722 1256 876 1334 episcopo
904 1256 1062 1318 exhibere

269 1368 334 1413 non
350 1352 491 1414 debeant
503 1352 704 1430 supradicta,
717 1369 776 1416 vos
786 1369 844 1416 eos
863 1354 905 1416 ad
920 1355 1061 1416 exiben-

269 1450 346 1510 dum
362 1466 413 1523 ea,
433 1451 518 1512 sicut
528 1453 585 1528 jns
600 1450 786 1524 dictaverit,
798 1454 897 1528 juxta
914 1450 1062 1529 priorum

269 1548 533 1624 apostolicarum
550 1548 736 1610 litterarum
761 1553 909 1611 tenorem
933 1551 1062 1612 ratione

269 1645 393 1720 praevia
405 1646 622 1724 compellatis.

300 1799 432 1871 Abbati,
443 1799 478 1861 ct
498 1800 681 1860 5555511151
698 1797 972 1879 aqatcaactmo(
994 1798 1020 1881 ).

569 1935 705 1995 CAPUT
725 1934 767 1995 11.

306 2067 376 2129 Etsi
396 2066 600 2144 superfluum
614 2067 778 2139 videatur,
795 2068 829 2128 51
843 2070 949 2143 trama.
972 2067 1061 2144 Sup-

266 2165 415 2242 plicastis
437 2164 599 2241 siquidem
624 2165 719 2226 nobis
748 2164 833 2242 quod
848 2181 1063 2242 quumvene-

266 2270 364 2332 rabili
384 2270 480 2332 fratri
502 2271 615 2332 nostro
636 2267 683 2350 (5)
699 2271 1061 2349 Remensiarchiepis-

267 2376 369 2446 capo,
389 2383 517 2428 necnon
533 2367 609 2428 aliis
631 2367 838 2442 dioecesanis
858 2369 891 2430 et
911 2366 1062 2432 locorum

267 2465 512 2528 archidiaconis
527 2466 777 2543 procurationes
798 2466 929 2528 ratione
943 2467 1063 2529 visita-

267 2564 370 2626 tionis
383 2563 511 2625 debitas
530 2564 565 2623 in
585 2564 797 2636 monasterio,
813 2563 846 2626 et
860 2565 1061 2642 prioratibus

266 2663 358 2739 ipsis,
373 2661 527 2723 hilariter
545 2661 737 2732 exsolvatis,
757 2677 799 2724 ne
813 2662 855 2724 de
874 2660 921 2743 (c)
946 2663 1060 2738 curiis,

267 2761 324 2822 aut
334 2760 494 2837 grangiis,
511 2775 570 2820 seu
585 2760 712 2820 mansis
734 2760 770 2820 in
792 2759 912 2838 quibus
927 2762 1061 2822 nonin-

266 2858 417 2920 habitant
441 2855 607 2930 monachi,
632 2857 689 2918 sed
713 2857 834 2918 exinde
859 2859 1061 2920 monasterio

266 2955 389 3024 vestro,
406 2954 439 3016 et
457 2957 529 3032 ejus
551 2953 753 3031 prioratibus
769 2953 928 3016 victualia
943 2957 1063 3018 minis-

267 3053 409 3124 trantur,
438 3051 689 3129 procurationes
714 3051 843 3114 solvere
867 3053 1060 3125 teneamini,

303 3210 345 3284 (a)
374 3209 477 3268 Abbati
502 3209 709 3281 aquicinctino.
739 3210 861 3268 Ancbin.
890 3212 999 3272 Simoni
1022 3215 1060 3283 11,

266 3281 423 3349 abbatili,
447 3280 493 3338 551
517 3281 660 3338 Honorias
686 3289 782 3339 noster
813 3285 954 3342 correesstt
977 3298 1061 3341 usum

266 3356 358 3411 mitrae
379 3360 408 3409 et
430 3352 536 3419 annuli,
557 3358 589 3409 ut
614 3365 649 3409 ex
675 3353 734 3411 lis.
760 3353 900 3426 sigeberti
922 3363 1015 3424 aucto,
1033 3362 1062 3412 et

264 3425 424 3498 aquicincti
435 3430 549 3506 servato
557 3421 761 3506 relertbllirseus
769 3425 879 3497 ortpta.
887 3426 1059 3510 Benedictia.

264 3493 1059 3652 555511155555,15555151

264 3639 469 3719 1155555555
488 3637 633 3718 mansula,
654 3651 718 3718 quae
740 3636 841 3694 dicatur
872 3646 1058 3720 Ι5515155155.

265 3713 315 3766 Est
338 3715 366 3764 et
387 3721 502 3780 insigne
526 3707 679 3779 collegium
699 3721 728 3762 ru
751 3707 897 3767 academia
926 3711 1059 3767 Duacena

265 3775 1060 3910 1511551555551155555515

265 3886 321 3978 i'P.
339 3862 544 4000 SociettesufJ
598 3988 603 3998 Ι
642 3987 648 4000 ι
865 3890 875 3920 '
937 3865 958 3924 g

301 3989 340 4064 (5)
365 3991 493 4048 demensa
522 3988 738 4058 rrrctaapncopa.
762 3987 892 4049 Alberico
914 3989 949 4048 de
969 3993 1058 4050 llum·

265 4063 337 4131 bert,
354 4061 389 4118 51
412 4059 638 4132 archiepiscopo,
662 4061 706 4117 vel
729 4061 878 4121 Guillelmo
890 4063 914 4120 ll
929 4062 965 4120 de
979 4065 1058 4121 loin-

265 4133 389 4202 5111555,
410 4131 458 4204 qui
482 4130 536 4188 boc
554 4137 683 4202 temporo
702 4129 848 4189 sedebant.
874 4132 942 4190 Ideo
964 4141 1059 4192 autom
1083 4143 1084 4146 ’

265 4205 312 4261 515
331 4203 454 4274 loquitur
469 4201 611 4260 Honorius
634 4200 669 4258 de
684 4203 818 4260 ilamensi
837 4205 973 4272 antistite,
992 4206 1059 4278 quia

265 4279 333 4333 olim
360 4274 574 4333 Cameracensis
600 4272 752 4346 episcopus
781 4274 821 4346 (in
843 4275 925 4346 cujus
943 4275 1059 4334 diaecesi

265 4346 464 4418 aquicinctum
477 4343 533 4419 est)
552 4350 613 4401 erat
629 4343 830 4417 suffraganeus
848 4343 1057 4405 1155555555-

265 4419 328 4474 clrie
349 4419 410 4473 isco
431 4416 451 4472 i.

301 4431 465 4616 (cjcurgis.
483 4485 584 4552 Caria,
600 4491 628 4541 at
653 4484 749 4543 Certis
775 4500 826 4557 pro
851 4485 918 4544 villa
938 4487 1059 4545 sumitur

266 4574 321 4644 spu
362 4555 550 4614 Flodoardum
567 4570 574 4610 :
590 4557 631 4611 Dc
653 4556 778 4612 Bononia
805 4559 900 4624 Carta,
929 4559 1060 4615 51555151

264 4631 335 4685 orttn
349 4632 476 4694 occatur,
489 4641 542 4696 pra
554 4627 654 4684 Mansa
670 4643 679 4682 :
695 4627 812 4685 5155555
827 4633 866 4686 est
880 4629 1057 4698 Italicarum,

263 4701 336 4756 sicat
351 4697 448 4755 cartis
462 4699 648 4753 linaearum.
674 4697 754 4754 Alias
768 4705 885 4756 vocatur
905 4700 1007 4769 1155115,
1027 4707 1060 4758 51

263 4767 617 4848 1555551151555555155,Ι
631 4769 723 4840 capt
740 4784 747 4824 ε
762 4769 954 4828 Ecclesiarum
974 4786 1056 4829 sanc·

263 4846 360 4897 tarum
389 4838 583 4907 possessiones,
606 4837 636 4893 a
667 4842 708 4895 est
734 4841 917 4912 5155551515,
946 4857 1057 4914 amasa,

263 4915 361 4978 cortes,
380 4908 475 4975 vittas,
492 4909 727 4977 patrimonium
751 4910 833 4981 epist.
859 4913 1057 4984 episcoporum

264 4979 338 5054 apud
366 4979 549 5044 attiniacum,
576 4991 639 5059 cap.
664 4977 815 5054 155555
838 4983 1010 5054 5511515515·
1032 4990 1057 5041 51

262 5054 372 5108 tranacta
394 5065 457 5106 cant
475 5048 623 5104 1155551555
639 5053 714 5105 corte
725 5055 819 5106 vestra
825 5053 940 5121 possitis
954 5055 1055 5112 otnero.

263 5121 403 5192 tirannica
417 5125 501 5175 vocat
515 5117 563 5176 bic
576 5119 727 5186 Honorius,
744 5134 808 5191 auae
827 5137 882 5178 vox
896 5123 998 5182 usitata
1013 5133 1058 5184 est

263 5191 425 5320 5551155555
439 5189 512 5247 illius
522 5189 665 5257 55551551
674 5190 965 5263 caesnrtopturibnsin
975 5195 1055 5268 locis,

262 5273 292 5321 et
306 5279 321 5320 a
335 5264 379 5319 ils.
928 5275 931 5282 ’

298 5333 338 5407 (1)
360 5330 528 5392 constitutio
545 5329 689 5401 Friderici,
704 5339 826 5402 quaest
842 5333 871 5392 15
893 5335 912 5393 1.
931 5335 956 5404 1,
978 5335 1006 5394 C.
1024 5335 1058 5394 de

262 5407 435 5476 balsamon
450 5400 541 5458 solum
550 5416 596 5458 res
609 5401 753 5464 Ecclesia.
763 5403 907 5462 sedetiam
920 5421 1057 5478 personas

262 5473 445 5534 abomnibus
459 5471 592 5530 oneribus
607 5472 693 5530 exirni
709 5473 782 5544 vtrlt;
799 5483 966 5534 nontamen
981 5477 1055 5538 idem

261 5548 394 5605 statuitur
408 5545 481 5602 circa
504 5545 702 5614 possessiones
736 5545 851 5614 rivatas,
869 5553 898 5603 et
919 5549 1053 5620 patrimo·

262 5621 307 5676 nia
331 5633 395 5690 ntra
421 5616 456 5672 55
476 5614 678 5673 ecclesiasticis
701 5559 757 5672 alio
773 5615 837 5686 jure
862 5625 1003 5688 tenentur,
1026 5629 1057 5679 ut

260 5691 358 5748 statuit
374 5691 521 5747 Constant.
545 5685 658 5754 1513,
683 5687 725 5752 C,
739 5685 802 5744 eod.
826 5697 855 5744 et
881 5689 1056 5751 Theodosius

1266 1301 1472 1361 Fredertcus
1497 1303 1690 1377 insectator
1704 1303 1767 1386 (d).

1408 1435 1545 1497 CAPUT
1563 1439 1621 1500 III.

1157 1548 1227 1607 Hac
1251 1546 1387 1610 edictali
1417 1549 1492 1623 etc,
1523 1552 1558 1613 et
1582 1555 1689 1628 infra.
1713 1555 1793 1618 Item
1821 1559 1911 1622 nulla

1118 1645 1349 1720 communitas,
1365 1647 1417 1708 vel
1432 1664 1574 1725 persona
1595 1651 1739 1729 publica,
1766 1656 1818 1719 vol
1841 1660 1913 1736 pri-

1116 1742 1205 1839 vata,
1226 1744 1393 1818 collectas,
1420 1747 1490 1810 sive
1512 1750 1714 1824 exactiones,
1742 1757 1911 1832 angarias,

1116 1842 1169 1904 vel
1183 1844 1402 1919 parangarias
1414 1846 1576 1921 ecclesiis,
1589 1848 1731 1928 aliisque
1741 1853 1805 1930 piis
1816 1855 1911 1930 locis,

1116 1940 1175 2002 aut
1201 1941 1437 2004 ecclesiasticis
1465 1946 1617 2021 personis
1645 1947 1826 2026 imponant,
1854 1957 1913 2018 aut

1116 2037 1275 2101 invadere
1306 2040 1533 2104 ecclesiastica
1565 2043 1652 2107 bona
1687 2054 1909 2128 praesumant;

1117 2135 1203 2212 quod
1231 2137 1260 2198 si
1281 2136 1431 2210 iecerint,
1453 2140 1486 2202 et
1509 2142 1660 2218 requisiti
1694 2145 1737 2207 ab
1757 2148 1914 2224 ecclesia,

1116 2232 1169 2295 vel
1192 2234 1333 2311 imperio
1359 2237 1537 2300 emendare
1561 2241 1828 2320 contempserint,
1848 2248 1916 2310 tri-

1117 2331 1207 2407 plum
1225 2332 1414 2407 refundant,
1431 2336 1465 2398 et
1484 2337 1704 2402 nihilominus
1728 2339 1775 2422 (a)
1799 2343 1913 2411 banno

1116 2428 1282 2505 imperiali
1295 2430 1498 2509 subjaceant,
1515 2435 1601 2513 quod
1616 2437 1740 2516 absque
1754 2441 1917 2504 satisfac-

1118 2527 1208 2590 tione
1222 2526 1332 2590 debita
1345 2529 1535 2593 nullatcnus
1549 2535 1737 2598 remittatur
1751 2536 1797 2619 (1)

1116 2680 1515 2764 1351551555555155511)
1529 2686 1562 2748 et
1576 2691 1861 2772 areatasegant(
1886 2692 1916 2774 ).

1375 2835 1547 2898 CAPUT
1581 2839 1645 2902 IV.

1157 2965 1466 3043 Significavitnobis
1475 2986 1550 3034 ven.
1563 2971 1706 3038 iratern.
1719 2975 1768 3058 (5)
1779 2979 1921 3042 archie-

1116 3063 1270 3142 piscopus
1292 3065 1482 3141 Toletanus,
1499 3070 1586 3146 quod
1612 3089 1713 3150 quum
1738 3075 1773 3136 in
1796 3082 1919 3140 suaet

1115 3204 1134 3261 1.
1150 3203 1178 3273 5,
1193 3204 1260 3264 cad.
1274 3205 1415 3267 theodos.
1427 3207 1503 3280 eod.;
1512 3211 1664 3277 tamitana
1678 3215 1915 3286 ,1555115555ᾱὶ-

1115 3275 1236 3346 cebant3
1265 3292 1351 3350 quam
1379 3287 1474 3336 tamen
1505 3281 1713 3342 immunitatem
1740 3289 1919 3348 Emmanuel

1117 3347 1270 3418 imperator
1292 3349 1334 3405 eis
1356 3351 1508 3423 concessit,
1533 3359 1564 3410 ut
1587 3355 1685 3414 scribit
1713 3357 1845 3417 Balsama
1875 3363 1919 3420 ad

1115 3419 1183 3476 Can.
1202 3418 1227 3484 b,
1246 3419 1350 3492 Synodi
1364 3423 1389 3478 7.

1131 3560 1137 3572 .
1163 3490 1188 3561 5)
1208 3490 1308 3573 Bartae
1321 3491 1473 3562 imperiali.
1490 3495 1599 3568 Duplex
1614 3506 1658 3555 est
1670 3497 1797 3558 bannum
1813 3501 1914 3586 impe-

1114 3561 1923 3709 nnntt{tt“taratarantiumt

1114 3701 1241 3759 bannum
1256 3701 1430 3762 dominicum
1445 3679 1571 3778 vocatur,
1586 3683 1635 3766 tib.
1650 3711 1677 3768 11
1692 3663 1918 3788 15555555ᾳὲ5-

1115 3772 1193 3830 tard.
1210 3773 1252 3830 tit.
1268 3773 1318 3830 ta:
1332 3775 1456 3833 5555551
1465 3778 1694 3850 dominaremini
1707 3786 1747 3839 est
1761 3787 1922 3857 5555515155

1114 3843 1293 3900 5511555555
1312 3850 1387 3902 5551.
1409 3849 1450 3904 lta
1466 3847 1496 3906 in
1515 3849 1627 3922 syuodo
1648 3852 1770 3910 Pistensi
1791 3869 1856 3929 cap.
1883 3859 1906 3916 5

1116 3913 1159 3997 lt,
1173 3915 1218 3996 11),
1231 3921 1260 3970 51
1274 3859 1318 3972 ig.
1334 3915 1419 3976 Aliud
1432 3917 1558 4001 bannum
1581 3921 1729 4006 imperiale
1749 3933 1802 3994 est,
1825 3901 1920 4000 pros:

1114 3992 1224 4068 cuptro,
1245 3999 1296 4042 555
1322 3987 1497 4057 5551155555,
1523 3997 1553 4048 ut
1579 3994 1704 4065 explicat
1724 3995 1923 4070 Hincmarus,

1114 4063 1196 4128 eprst.
1214 4053 1250 4113 ad
1262 4057 1403 4127 Carnium,
1412 4060 1457 4116 vol
1468 4061 1553 4118 etiam
1565 4062 1699 4132 edictum,
1710 4080 1762 4123 seu
1774 4067 1818 4124 lex
1829 4067 1922 4142 belli,

1114 4134 1163 4183 aut
1181 4126 1228 4198 jus
1245 4141 1399 4211 armorum,
1418 4129 1492 4202 quod
1515 4133 1593 4203 victi,
1617 4149 1670 4192 seu
1692 4136 1802 4195 subacti
1822 4155 1923 4214 expe-

1113 4197 1233 4266 riuntur,
1256 4196 1291 4254 de
1307 4211 1363 4269 quo
1384 4213 1413 4256 m
1436 4213 1524 4258 causa
1548 4203 1755 4264 lubecensium
1777 4224 1792 4266 5
1818 4211 1924 4285 Sigis-

1114 4267 1223 4351 mundo
1246 4267 1418 4341 imperatore
1431 4273 1540 4344 promul
1564 4275 1741 4358 atoloquitur
1756 4281 1928 4344 1155515155

1113 4339 1167 4422 155.Ι
1177 4341 1201 4409 l,
1219 4354 1282 4420 cap.
1302 4341 1350 4424 320,
1370 4343 1489 4400 Vendat.
1512 4347 1543 4402 15
1565 4359 1583 4402 5
1605 4353 1691 4428 etiarn
1707 4355 1921 4410 excommuni-

1113 4417 1188 4493 catio
1200 4425 1291 4494 major
1301 4426 1330 4468 m
1345 4410 1454 4495 synodo
1464 4413 1660 4476 confluentina
1672 4433 1736 4477 can.
1750 4421 1784 4479 6:
1800 4423 1927 4490 abaco

1112 4481 1167 4551 dar,
1183 4486 1209 4540 et
1220 4483 1314 4539 datram
1332 4483 1453 4540 attollar
1472 4485 1574 4556 55555,
1593 4492 1619 4544 51
1632 4495 1728 4547 nostro
1746 4491 1909 4554 bannimus

1113 4557 1237 4636 515555
1248 4498 1377 4635 amplias
1385 4555 1442 4610 155
1455 4564 1611 4639 presumat,
1627 4567 1656 4617 51
1672 4574 1735 4619 555.
1751 4563 1769 4620 8
1794 4539 1926 4626 concilii

1113 4621 1312 4692 l'rrbunensrs,
1333 4630 1365 4680 ut
1387 4633 1523 4684 annotavi
1546 4627 1658 4688 observ.
1684 4632 1727 4702 16,
1750 4633 1799 4692 lib.
1820 4638 1843 4693 l.
1869 4640 1925 4697 lta

1112 4692 1928 4850 reticuerint.itttttttntnarttta

1111 4835 1204 4892 natta.

1149 4905 1189 4979 (1)
1207 4905 1395 4988 115551115ῐί55
1407 4907 1721 4983 151555515555515555
1734 4917 1760 4975 15
1776 4922 1926 4982 sanction

1112 4981 1557 5111 taratantaratritt
1574 4985 1923 5064 ’91515915Μῆ

1140 5117 1184 5190 ’(1)
1208 5118 1306 5176 Priori
1327 5120 1523 5191 Segobriccnst.
1547 5125 1668 5184 Dubium
1692 5127 1728 5187 de
1750 5145 1806 5204 qua
1832 5133 1921 5193 sede

1111 5189 1251 5274 loquatur,
1271 5204 1307 5250 an
1321 5189 1357 5248 de
1378 5192 1499 5262 segobia,
1523 5207 1559 5252 an
1583 5196 1619 5255 de
1643 5199 1768 5271 Separor,
1787 5210 1930 5278 utraque

1111 5276 1188 5319 enim
1212 5259 1369 5334 Segobriga
1391 5263 1458 5320 olim
1480 5263 1554 5324 dicta
1571 5283 1578 5325 :
1593 5267 1706 5327 videtur
1730 5273 1764 5328 aa
1781 5275 1927 5347 Scantia,

1087 5389 1088 5392 ,
1112 5347 1175 5406 quae
1198 5339 1362 5390 constanter
1380 5336 1484 5393 mansit
1509 5337 1562 5394 sub
1584 5339 1800 5416 archiepiscopo
1822 5347 1925 5406 Tole-

1111 5411 1188 5461 1550.
1201 5455 1203 5460 .

1138 5473 1185 5548 tp)
1205 5475 1354 5546 Saguntino
1365 5475 1573 5536 archidiacono.
1589 5481 1739 5554 Sigaeaza,
1753 5487 1806 5545 sub
1822 5489 1927 5547 ’1515-

1109 5553 1177 5604 tano
1192 5557 1321 5618 quoque:

1147 5615 1188 5688 (t)
1206 5615 1358 5698 15155555
1374 5617 1608 5692 archiepiscopat.
1630 5624 1683 5683 llic
1706 5634 1750 5684 est
1772 5629 1819 5686 ille
1835 5633 1932 5690 5515-

1110 5685 1167 5744 bris
1187 5684 1305 5744 Roderio
1325 5687 1484 5758 eronIus,
1504 5695 1694 5754 cancellarius
1713 5697 1857 5772 castellan,
1887 5717 1929 5764 et
