3962 6294
705 395 937 506 QU'INTE
990 403 1440 494 COMPILATIONIS

30 925 32 928 ,
223 775 245 870 ν
400 675 1708 917 ,ostentationi

724 1121 974 1249 LIBER
1048 1117 1431 1271 QUARTUS

943 1451 1199 1468 m

1086 1697 1212 1760 'uitam
1229 1696 1319 1760 licite
1338 1710 1374 1758 se
1395 1709 1462 1758 non
1481 1708 1590 1772 posse,
1607 1692 1743 1771 propter
1763 1692 1890 1770 impedi-

1105 1795 1252 1858 mentum
1266 1792 1408 1872 publicae
1428 1791 1625 1866 honestatis,
1641 1806 1682 1852 ac
1696 1791 1825 1868 propter
1835 1790 1889 1852 hoc

1106 1893 1296 1957 divertisset
1307 1891 1348 1954 ab
1364 1907 1420 1969 aa3
1434 1891 1512 1969 quia
1524 1905 1602 1952 ven.
1615 1887 1719 1952 irater
1730 1905 1762 1950 n.
1779 1885 1891 1961 (cisca-

1106 1991 1171 2054 len.
1186 1991 1361 2070 episcopus
1383 1990 1506 2067 ipsum,
1518 1990 1556 2051 ut
1574 2003 1651 2048 eam
1666 1986 1825 2064 reciperet
1841 2001 1892 2046 co-

1107 2105 1185 2168 gere
1211 2088 1326 2151 contra
1355 2087 1522 2166 iustitiam
1554 2084 1736 2156 nitebatur,
1759 2083 1890 2146 sentiens

1107 2187 1284 2266 superbos
1300 2183 1445 2249 indebite
1460 2199 1496 2248 se
1512 2181 1661 2262 gravari,
1677 2183 1819 2246 nostram
1836 2197 1891 2244 au-

1107 2284 1266 2348 dientiam
1291 2283 1481 2364 appellavit.
1502 2269 1675 2355 Quocirca
1690 2280 1765 2342 irat.
1784 2279 1891 2342 vestrae

520 1706 732 1798 TITULUS
764 1709 797 1796 Ι.

316 1893 360 1939 nu
382 1891 616 1952 secessimus,
639 1893 682 1940 er
703 1891 917 1942 unrmnomo
930 1873 984 1957 (l).

340 2031 570 2106 Aruatptrttau.
584 2031 850 2106 archiepiscopo,
864 2030 898 2094 ct
913 2025 959 2102 (a)

466 2129 622 2202 episcopo
635 2131 764 2214 Repeti.
778 2123 835 2204 (b).

563 2331 700 2394 CAPUT
721 2332 747 2392 Ι.

295 2479 490 2543 insinuante
503 2481 620 2558 Sergio
634 2481 721 2544 laico
735 2481 865 2544 scalen.
880 2481 963 2555 cive,
979 2498 1055 2544 nos·

258 2578 309 2639 tro
331 2579 381 2639 est
405 2579 612 2655 apostolatui
633 2579 830 2652 reseratum,
846 2579 932 2658 quod
953 2597 1053 2658 quum

180 2690 183 2694 ·
256 2679 293 2736 G.
307 2691 485 2752 germanus
505 2693 585 2738 suus
607 2677 772 2755 quondam
793 2679 913 2740 Tenem
933 2677 1055 2740 mulie-

254 2789 326 2834 rem
347 2774 518 2836 concivem
541 2791 636 2836 suam
656 2775 692 2836 in
714 2791 853 2838 uxorem
872 2791 932 2854 per
951 2777 1054 2839 verba

257 2871 507 2948 desponsaverit
530 2872 570 2933 de
594 2873 716 2945 futuro,
732 2889 772 2934 eo
794 2875 924 2936 mortuo
945 2874 1054 2937 dictus

256 2971 288 3030 S.
305 2969 338 3029 id
353 2969 417 3030 sibi
437 2969 540 3031 licere
563 2970 758 3032 existimans
780 2987 855 3032 oum
879 2971 994 3033 eadem
1016 2975 1053 3034 Τ.

258 3065 506 3128 matrimonium
530 3067 781 3130 consummavit.
807 3070 930 3130 Verum
954 3085 1054 3147 quum

259 3164 466 3242 postmodum
488 3164 658 3227 didicisset
679 3165 786 3227 eidem
806 3164 939 3228 mulieri
954 3167 1057 3229 coha-

297 3330 337 3406 (Ι)
351 3333 389 3389 Lo
400 3332 462 3390 titre
476 3334 518 3390 per
529 3331 567 3389 du
582 3331 706 3393 livrelv
721 3339 765 3391 est
779 3333 806 3391 le
818 3335 914 3391 meme
926 3332 999 3392 dans
1013 3334 1057 3393 les

260 3403 324 3474 cinq
340 3405 507 3474 Compitctio
519 3411 547 3460 ct
557 3402 629 3461 daus
643 3403 685 3460 les
705 3405 815 3462 litaret.
840 3407 878 3462 (lo
896 3406 1054 3464 criassus.

297 3471 339 3547 (a.)
351 3473 560 3545 Amatpltitauo
572 3475 788 3547 archiepiscopo.
801 3421 916 3550 Anrafti
925 3477 953 3533 in
966 3491 1057 3550 regno

260 3545 458 3685 Neapolitano.

308 3617 323 3670 t
355 3617 490 3686 Episcopo
505 3615 673 3673 aneltcusi.
695 3616 820 3687 Repello,
833 3617 933 3675 civitas
949 3618 1057 3690 episco-

262 3701 296 3756 pa
311 3687 334 3743 is
356 3687 385 3741 in
407 3700 497 3759 regno
518 3686 716 3758 Neapolitano,
738 3685 791 3743 sub
813 3688 991 3744 Salernitana
1011 3703 1056 3745 nr·

1107 2383 1313 2456 mariamne,
1328 2383 1502 2460 quatenus,
1519 2378 1549 2442 si
1564 2381 1618 2442 est
1633 2378 1692 2452 ita,
1705 2375 1892 2477 denuntietis

1107 2479 1233 2544 eisdem
1255 2483 1288 2542 S.
1306 2481 1339 2542 et
1354 2483 1403 2553 T„
1432 2477 1656 2556 appellatione
1680 2477 1814 2548 remota,
1835 2491 1893 2536 non

1109 2595 1182 2643 esse
1196 2577 1443 2642 matrimonium
1456 2577 1546 2638 inter
1560 2589 1630 2638 eos.

1293 2741 1459 2814 Episcopo
1473 2739 1641 2798 slewicen
1657 2731 1670 2816 (
1692 2733 1718 2816 l.

1407 2916 1544 2976 CAPUT
1563 2916 1605 2976 II.

1150 3066 1389 3132 Consultationi
1402 3067 1468 3128 tuae
1481 3064 1628 3126 breviter
1650 3063 1894 3142 respondemus:

1111 3167 1267 3230 mulieres
1282 3179 1356 3243 quae
1369 3163 1409 3225 de
1422 3178 1513 3225 more
1524 3160 1721 3242 veniunt(b)
1737 3161 1777 3222 ad
1791 3161 1895 3223 valvas

1110 3335 1217 3392 tionem
1228 3331 1335 3406 gradus
1343 3329 1505 3416 prohibitos
1516 3344 1531 3387 a
1542 3329 1608 3402 lege
1620 3326 1718 3386 divina
1727 3328 1846 3412 'censeri
1857 3325 1897 3398 qui

1111 3413 1207 3463 tamen
1223 3418 1280 3460 non
1296 3403 1350 3460 nisi
1365 3400 1615 3459 constitutionibus
1630 3401 1829 3458 ecclesiasticis
1840 3413 1897 3470 pro-

1111 3476 1258 3546 hibentur3
1272 3489 1328 3547 quo
1340 3487 1426 3530 sensu
1435 3472 1595 3545 sepissime
1607 3487 1692 3529 usum
1704 3470 1790 3528 luisse
1800 3473 1831 3528 D.
1844 3470 1900 3549 tire·

1133 3549 1236 3615 orium,
1251 3553 1280 3602 et
1304 3543 1375 3601 alios
1388 3542 1563 3601 censendum
1579 3549 1632 3611 est,
1649 3549 1679 3599 et
1697 3542 1803 3614 optime
1823 3543 1900 3597 sentit

1112 3564 1211 3678 {losse
1225 3619 1254 3672 in
1269 3630 1332 3688 cap.
1342 3615 1453 3671 litteras
1466 3614 1499 3669 de
1512 3616 1602 3670 restit.
1615 3613 1730 3684 spoliat.
1742 3611 1854 3670 Etbanc
1869 3610 1901 3665 le

1113 3693 1159 3762 gis
1168 3688 1272 3745 divina
1287 3685 1549 3758 interpretationem
1560 3698 1595 3739 ex
1610 3698 1691 3741 mors
1705 3685 1836 3741 Romane
1851 3684 1897 3738 Ec·

262 3756 455 3828 chlepiscopo.
472 3759 521 3813 Est
535 3764 666 3828 exempta
682 3757 711 3813 in
723 3757 812 3814 veteri
825 3757 927 3816 Codice
938 3759 1056 3816 Provin·
1112 3759 1207 3817 clesiae
1222 3755 1405 3814 descendisse
1423 3756 1594 3827 conjecturae
1609 3753 1691 3812 locus
1705 3761 1757 3823 est,
1774 3755 1798 3810 si
1812 3765 1900 3810 verum

263 3827 328 3882 ciali
345 3829 482 3883 Enniano.
1114 3832 1149 3889 sit
1160 3827 1235 3903 quod
1251 3829 1289 3884 ait
1303 3828 1435 3885 balsamo
1447 3827 1476 3882 in
1495 3825 1675 3896 responsione
1691 3827 1728 3882 od
1747 3826 1899 3894 iuterropat.

298 3897 433 3968 Episcopo
458 3897 626 3954 eruettcnsi.
649 3895 817 3954 Pantaleon
832 3898 939 3957 Pironti
958 3900 1025 3971 civi,
1042 3902 1059 3960 Ι
1113 3901 1220 3960 liare:
1233 3897 1349 3956 tratrem
1366 3911 1450 3970 posse
1464 3897 1581 3968 impune
1591 3895 1697 3954 ducere
1705 3909 1836 3969 sponsum
1852 3893 1900 3951 ira·

266 3968 429 4026 Ravellensi
453 3969 706 4040 episcopumque
726 3966 762 4024 ad
781 3983 888 4026 annum
911 3970 992 4040 ¹220,
1012 3972 1058 4030 vel
1114 3973 1321 4040 triscutequcm
1333 3983 1397 4026 curu
1405 3984 1438 4024 ca
1442 3983 1496 4038 per
1507 3967 1721 4024 benedictionem
1733 3967 1901 4045 initiaretur,

264 4039 353 4098 Lsorri
365 4038 504 4112 llogadei,
520 4039 538 4096 5
551 4040 697 4112 episcopo,
713 4039 762 4111 qui
782 4049 911 4098 mortuns
927 4049 972 4099 est
983 4057 1060 4100 enno
1115 4043 1257 4103 ἐτελεύτησε
1270 4041 1319 4106 πρὸ
1334 4041 1378 4090 τοῦ
1388 4038 1546 4104 tepuissetis
1559 4056 1582 4090 u
1596 4037 1753 4100 μετ’ᾰυτηςι
1773 4051 1834 4110 ques
1851 4036 1900 4092 im·

264 4111 344 4169 litt).
1116 4116 1203 4182 datio,
1220 4127 1271 4169 seu
1284 4109 1443 4167 benedictio
1456 4109 1587 4180 utquam
1600 4107 1672 4166 tides
1686 4108 1778 4178 datur,
1791 4114 1904 4178 etspon-

300 4181 337 4254 (c)
358 4181 658 4251 Scalcnsisepiscopus.
679 4181 762 4238 Scuta
776 4181 804 4237 in
820 4197 910 4255 regno
924 4185 1058 4256 Neapoli·
1114 4185 1184 4243 salia
1197 4181 1402 4240 contrahuntur
1455 4178 1567 4236 rvarba
1582 4177 1618 4236 de
1633 4179 1766 4262 praesenti
1788 4195 1795 4235 :
1818 4180 1851 4235 Et
1867 4177 1902 4257 ita

265 4262 331 4310 tauo
355 4252 407 4309 sub
436 4251 651 4326 archiepiscopo
674 4252 888 4326 amalphitano,
908 4255 938 4312 in
958 4256 1060 4314 eodem
1115 4257 1183 4314 dicit
1197 4267 1261 4312 esse
1273 4259 1413 4310 consuetu
1434 4251 1694 4307 inemiuomrutus
1706 4248 1903 4321 [manuscript

264 4331 321 4380 vei·
336 4323 405 4383 Cod·
1115 4327 1239 4385 Orientis
1246 4324 1389 4394 partibus,
1405 4324 1437 4380 εἰς
1450 4321 1532 4374 πάντα
1543 4323 1632 4386 σχεδὸν
1644 4322 1676 4371 τὰ
1688 4322 1762 4386 μ’ἐρη
1774 4328 1818 4370 τοῦ
1825 4319 1902 4401 Ινὸτου,

300 4397 341 4452 Ex
354 4395 534 4466 sponsalibus
550 4393 586 4452 de
605 4393 698 4451 tuturo
712 4393 855 4450 inducitur
871 4394 1058 4468 impedimen·
1114 4399 1347 4459 seleuciensem.
1364 4395 1424 4451 Hoc
1436 4398 1531 4448 autem
1546 4398 1631 4463 caput
1648 4399 1692 4448 ast
1704 4393 1778 4448 circa
1791 4399 1904 4462 primum

265 4473 324 4522 tum
340 4465 460 4538 pnblicae
475 4465 632 4523 honestatis
648 4472 762 4591 proditer
782 4465 921 4522 rationem
946 4467 1061 4524 allatam
1116 4467 1248 4595 gradum,
1259 4468 1331 4524 ultra
1346 4479 1435 4546 quem·
1446 4478 1503 4519 non
1517 4463 1611 4544 oritur·
1619 4461 1850 4546 impedimentum
1863 4472 1906 4529 pu·

266 4537 295 4591 in
310 4551 372 4608 cap.
382 4537 428 4592 Ad
437 4537 622 4602 audientiam,
636 4550 690 4606 apu
721 4536 840 4593 Greror.
853 4534 909 4592 hoo
919 4537 974 4604 tit,
987 4536 1061 4608 quod
1135 4540 1197 4596 lica
1207 4537 1413 4603 honestatis‚et
1428 4541 1465 4590 ua
1481 4531 1626 4590 concludit
1635 4535 1785 4592 concilium
1797 4529 1902 4609 indeo·

266 4607 294 4661 in
308 4606 372 4678 loge
387 4606 482 4664 divina
499 4607 635 4678 scriptum
648 4607 693 4675 sit,
711 4620 768 4663 non
777 4579 868 4662 licere
881 4606 959 4664 tratri
974 4622 1060 4678 spon·
1117 4610 1207 4667 tinum
1222 4609 1251 4662 in
1267 4621 1331 4663 cen.
1343 4607 1369 4675 3,
1378 4621 1449 4662 sess.
1462 4605 1506 4671 il,
1519 4604 1572 4659 nisi
1585 4610 1681 4660 tamen
1694 4602 1905 4686 dispensationis

262 4691 328 4739 ,sam
344 4675 437 4732 listris
449 4691 567 4733 uxorem
583 4675 697 4745 ducere,
708 4690 794 4748 quum
806 4684 903 4733 tumen
913 4677 1062 4736 lexdivina
1117 4693 1203 4737 cause
1218 4677 1345 4748 legitima
1358 4676 1456 4744 subsit,
1473 4683 1504 4732 ut
1517 4675 1545 4730 in
1555 4687 1618 4746 cap.
1630 4674 1657 4742 t,
1673 4673 1741 4731 ibid.
1754 4673 1861 4738 dicitur,
1881 4674 1907 4750 et
1949 4733 1950 4736 Ἴ

267 4747 397 4816 loquatur
413 4746 557 4816 demere,
573 4761 630 4802 non
645 4746 681 4804 de
696 4759 818 4830 sponea3
834 4749 899 4820 quia
915 4747 989 4821 apud
1005 4750 1060 4806 lle-
1119 4747 1256 4821 quoditie
1277 4747 1419 4803 llonorius
1440 4745 1567 4802 decernit
1585 4751 1629 4801 est
1647 4744 1726 4815 juxta
1739 4744 1826 4801 stricti
1841 4741 1906 4824 juris

267 4814 359 4872 bracos
373 4815 485 4890 exlege
498 4817 584 4874 blesis
597 4819 740 4889 sponsalia
761 4833 812 4890 pro
827 4819 934 4892 nuptiis
949 4827 1062 4902 reputa·
1119 4820 1245 4892 regulas,
1256 4831 1314 4873 non
1324 4815 1400 4889 quod
1414 4815 1657 4889 dispensationem
1668 4814 1817 4873 excluserit
1828 4827 1850 4868 sr
1860 4825 1904 4883 pe·

266 4885 379 4954 bantur,
393 4894 425 4942 ut
439 4894 467 4944 et
480 4887 598 4944 Nooetta
613 4887 706 4944 Alexii
720 4889 869 4958 comneni,
885 4897 913 4946 et
926 4891 964 4947 ita
982 4891 1063 4948 intol-
1121 4891 1170 4948 tite
1188 4889 1296 4946 luisset.
1887 4950 1892 4962 .

268 4957 365 5030 ligitur
381 4956 479 5014 Canon
499 4957 543 5026 98,
557 4956 663 5030 Synodi
687 4959 713 5025 6,
732 4959 761 5013 in
776 4959 881 5028 trullo,
902 4959 937 5016 de
960 4975 1066 5032 sponsa
1157 4960 1199 5034 (a)
1215 4959 1350 5029 Episcopo
1365 4957 1531 5014 Str-roiccusi.
1549 4955 1595 5014 Sic
1610 4957 1638 5012 in
1651 4957 1728 5014 MSS.
1746 4956 1774 5013 in
1792 4953 1835 5012 vul
1858 4958 1906 5008 atis
1949 4965 1950 4968 ¹

268 5043 332 5100 «puae
350 5026 577 5085 benedictionem
592 5035 750 5100 acceperat.
766 5028 890 5086 eunitae
909 5029 1067 5088 honmtatis
1122 5030 1291 5104 liesguensi,
1305 5035 1445 5101 corrupte.
1458 5028 1573 5085 Stewici
1584 5028 1611 5109 in
1623 5029 1773 5085 Germania
1784 4969 1906 5104 subqire·

268 5097 504 5171 impedimentum
527 5099 563 5156 ad
582 5113 718 5171 sponsam
740 5100 972 5171 interpretatione
993 5101 1068 5174 legis
1122 5101 1215 5159 mensi
1237 5099 1333 5157 arobie
1355 5099 1414 5155 isco
1434 5113 1461 5155 o.
1491 5099 1543 5155 llic
1561 5105 1742 5170 episcopatus
1766 5110 1828 5153 cum
1849 5093 1906 5150 alns

268 5169 427 5226 traductum
441 5177 496 5238 est,
511 5176 540 5226 ct
557 5170 594 5226 ita
614 5171 642 5226 in
658 5169 758 5251 priscis
773 5170 931 5228 canonibus
946 5172 1068 5228 inveniri
1122 5173 1211 5231 tribus
1230 5171 1259 5228 in
1272 5115 1395 5230 cimbris
1411 5115 1599 5238 glrersoneso,
1618 5169 1692 5225 cirea
1717 5181 1822 5226 annum
1843 5164 1905 5231 9483

269 5247 348 5296 notat
365 5255 397 5296 su
420 5241 567 5312 erscriptio
588 5255 653 5298 can.
670 5241 696 5298 si
710 5241 824 5312 quisti,
842 5241 886 5311 27,
901 5257 926 5313 p.
942 5243 968 5299 Ι.
988 5242 1069 5310 Quod
1124 5243 1232 5302 fundati
1247 5249 1313 5299 sunt
1326 5255 1375 5313 per
1390 5238 1530 5298 Othonem
1544 5241 1581 5298 ll.
1598 5239 1808 5312 imperatorem.

270 5311 357 5368 etiam
377 5255 533 5369 effecerunt
555 5311 711 5384 Gregorius
728 5315 750 5379 l,
767 5317 795 5368 et
809 5313 899 5370 tulius
920 5313 947 5370 in
963 5327 1027 5370 cen.
1044 5313 1070 5370 si
1160 5313 1196 5386 (tt
1212 5313 1257 5370 lc
1274 5313 1382 5368 ualuas.
1398 5311 1516 5392 iterem¹
1528 5318 1607 5367 notat
1622 5325 1677 5383 quo
1702 5323 1813 5382 sponse
1832 5311 1904 5364 ente·

269 5383 332 5454 puis
345 5396 473 5448 oaorem,
486 5388 594 5454 etseq„
611 5383 673 5455 ped.
686 5385 721 5440 Et
733 5381 797 5440 ideo
807 5383 968 5441 Alexander
978 5385 1028 5452 ΙΙΙ,
1040 5384 1069 5441 in
1145 5400 1208 5443 uam
1219 5382 1446 5440 benedictionem
1457 5395 1516 5438 acci
1539 5387 1618 5438 erent
1627 5380 1661 5438 nd
1672 5381 1779 5449 valvas,
1790 5393 1839 5435 seu
1850 5390 1906 5433 ves·

270 5468 333 5526 cap.
346 5451 485 5522 l‚boctit.
498 5453 528 5509 ia
542 5455 638 5524 primu
652 5453 913 5524 compertissime
929 5455 1069 5513 rationem
1125 5456 1242 5513 tibulum
1262 5453 1443 5521 sistebantur,
1460 5459 1489 5508 ut
1529 5451 1579 5508 das
1594 5467 1692 5509 aarum
1707 5467 1741 5510 ex
1763 5453 1907 5514 locaretur3

272 5525 349 5594 Quod
363 5539 505 5582 cerioutce
519 5525 610 5580 oboriri
624 5525 730 5581 rctuui
743 5540 797 5581 ucri
814 5527 1069 5595 permittns;osno·
1125 5536 1153 5585 et
1167 5525 1232 5600 quia
1246 5524 1306 5596 jem
1322 5523 1392 5580 torte
1402 5521 1581 5580 obsoleverat
1593 5521 1639 5580 bic
1652 5538 1725 5589 mos,
1742 5468 1908 5580 guimundus

271 5597 366 5654 nicam
382 5596 521 5654 rationem
537 5595 761 5668 intelligitque
776 5594 933 5654 desumitur
949 5611 984 5654 ex
999 5597 1068 5654 alla·
1125 5601 1155 5657 iu
1168 5595 1369 5668 compilatione
1385 5595 1574 5652 Decretalium
1590 5593 1653 5650 hoee
1668 5593 1764 5660 verba,
1780 5594 1812 5648 ctc
1828 5605 1906 5654 more,

271 5668 308 5727 tis
320 5667 486 5728 canonibus.
500 5667 571 5727 llinc
587 5665 743 5725 comodum
756 5681 805 5740 per
818 5665 892 5726 benc
905 5668 1070 5742 interprete·
1126 5668 1231 5728 omisit.
1254 5669 1288 5725 Et
1303 5665 1416 5741 quidem
1431 5671 1498 5723 tunc
1512 5664 1627 5723 demum
1644 5665 1698 5746 tide
1713 5664 1776 5722 data
1795 5674 1904 5720 corona·
