3988 6302
83 289 130 366 22l
586 285 744 363 aarum
767 273 1032 350 annelinum.
1052 271 1129 348 nia.
1147 272 1189 348 11.
1651 293 1712 358 222

83 464 160 524 nisse
173 457 256 536 quod
271 451 321 535 (a)
342 453 529 516 sacerdotes
554 455 587 514 et
613 452 726 515 clerici
751 451 862 514 Daciae
915 449 1014 511 tenus
1027 465 1127 526 quum
1136 449 1178 510 ad
1190 448 1376 528 principale
1385 436 1424 512 'in
1436 467 1538 516 causa
1549 441 1711 520 veneritis

83 555 423 636 legiregni,perqnam
437 550 592 628 negativa
607 550 775 628 probatur,
787 566 863 612 con·
917 546 1118 624 supradicta,
1135 563 1195 610 ros
1217 549 1398 612 secundum
1414 550 1611 628 divisiones,
1636 573 1711 633 quae

82 660 125 721 tra
139 656 281 716 &nones
296 651 329 714 et
343 650 508 727 legitimas
524 649 723 722 sanctiones
737 648 862 710 temere
916 661 978 724 per
995 645 1099 708 libros
1124 645 1292 724 antiquae,
1308 648 1362 709 vel
1383 648 1450 712 alio
1471 651 1569 713 modo
1589 654 1710 717 melius

81 751 292 823 innitentes‚a
316 748 523 821 criminibus,
549 761 623 826 quae
644 747 779 825 probari
793 747 863 808 tes·
917 743 1163 821 probabuntun,
1191 759 1322 807 necnon
1350 749 1477 823 testes,
1511 749 1651 826 famam,
1680 754 1714 816 et

81 853 158 917 tibus
190 848 253 911 ilde
277 846 386 924 dignis
409 846 547 924 possunt
571 845 719 922 legitime
747 847 862 907 eontra
917 855 1121 920 quaecunque
1142 841 1210 904 alia
1226 841 1440 924 adminicula,
1459 848 1564 912 Deum
1582 849 1713 914 haben-

81 967 139 1022 eos,
166 945 359 1026 reputantur
385 943 546 1017 insontes,
573 943 603 1005 si
629 959 665 1005 se
691 957 791 1021 snper
809 943 884 1011 his,
916 942 968 1003 tes
988 955 1057 1018 prae
1077 940 1183 1002 oculis
1199 939 1235 1002 in
1259 943 1438 1008 commisso
1460 947 1556 1010 robis
1576 949 1712 1028 negotia

81 1061 210 1126 purgare
224 1042 358 1106 valeant
372 1057 504 1121 quoquo
523 1039 636 1118 mod03
665 1041 752 1102 unde
777 1052 862 1103 con·
917 1037 1118 1116 procedatis.

82 1144 168 1220 lingit
181 1140 266 1220 quod
281 1139 476 1218 quandoque
495 1140 536 1201 ad
563 1125 793 1217 purgationem
809 1139 861 1200 sni
883 1153 886 1176 i
1000 1210 1016 1226 ἵ,

82 1243 194 1304 similes
208 1239 404 1302 criminosos
417 1239 595 1312 adducunt,
611 1239 647 1300 ut
661 1239 710 1300 eis
723 1235 864 1300 debeant
883 1236 886 1304 Ξ
995 1217 1174 1300 Episcopo,
1194 1224 1227 1284 θΐ
1247 1227 1486 1288 affhidi'awiw
1497 1230 1575 1289 Sili·
1597 1225 1644 1310 (θ)

81 1343 110 1402 in
123 1337 281 1400 similibus
294 1337 478 1416 opportuno
489 1336 637 1414 tempore
648 1337 861 1430 respondere,
1212 1375 1350 1438 CAPUT
1365 1379 1422 1439 HL

81 1439 207 1514 ideoque
220 1435 323 1498 mulia
338 1435 479 1498 crimina
492 1435 742 1497 committuntur
756 1434 865 1497 auda·
883 1441 887 1504 ἶ

81 1536 143 1597 cius
155 1533 194 1595 ab
206 1532 343 1594 eisdem.
358 1532 516 1595 volentes
531 1532 633 1610 igitur
645 1533 681 1594 ut
696 1532 768 1594 baec
782 1548 863 1610 pes·
883 1536 888 1610 ξ
905 1607 909 1616 .
958 1517 1102 1590 Causam
1117 1528 1333 1602 munimenti,
1350 1545 1424 1607 quae
1444 1529 1535 1593 inter
1554 1535 1593 1594 V.
1613 1536 1715 1612 jure·-

80 1633 117 1695 tis
129 1631 293 1694 contraria
321 1629 411 1691 omni
432 1629 503 1708 juri
518 1629 862 1708 exstirpeturaclero,
919 1637 995 1688 nem
1011 1627 1044 1688 et
1059 1629 1096 1686 a.
1113 1625 1260 1703 puellam
1280 1629 1477 1702 senensem,
1495 1645 1568 1707 qnae
1589 1647 1626 1694 se
1645 1633 1717 1696 vira

82 1729 100 1790 f.
114 1747 143 1792 r.
158 1747 200 1790 m.
226 1729 388 1806 quatenus
415 1727 662 1805 inprobatione
688 1729 863 1806 negatirae,
919 1723 1031 1802 ginem
1039 1724 1073 1786 et
1086 1724 1283 1786 monacham
1294 1725 1469 1802 profitetur
1481 1729 1633 1791 noscitur
1643 1731 1719 1808 agi-

80 1827 147 1888 dnm
154 1829 264 1888 nmen
272 1825 377 1904 possit
386 1825 586 1888 affirmativa
594 1826 738 1904 probari,
750 1826 864 1888 contra
919 1821 996 1895 tari,
1010 1820 1088 1900 quia
1099 1837 1166 1884 non
1179 1821 1228 1884 ita
1237 1823 1437 1885 instructam
1448 1824 1600 1913 misistis,
1612 1827 1719 1890 frater

80 1925 247 1986 canonicas
263 1923 451 1986 sanctiones
479 1925 515 1985 in
541 1923 614 1987 foro
638 1924 865 1986 ecclesiastico
921 1911 1202 1998 episcopatum
1229 1937 1270 1984 ea
1291 1937 1396 1999 usque
1421 1911 1462 1984 ad
1489 1917 1533 2003 (s)
1552 1925 1716 1989 calculum

80 2024 233 2084 neminem
270 2021 424 2095 audiatis,
464 2022 581 2084 sedin
611 2022 865 2100 purgationibus
921 2009 1106 2082 diffinitivae
1122 2017 1298 2082 sententiae
1318 2019 1501 2097 procedere
1523 2020 1629 2084 libere
1652 2040 1718 2086 va*-

79 2121 164 2182 bonae
175 2120 274 2182 famae
285 2121 376 2182 viros
396 2120 558 2182 duntaxat
571 2121 732 2183 canonice
745 2119 867 2182 admit·
920 2115 1182 2188 leremus‚robis
1193 2116 1394 2180 remittimus
1406 2117 1539 2194 plenius
1548 2119 1719 2183 instruen-

80 2220 185 2290 tentes,
206 2233 283 2279 eum
311 2218 420 2278 minus
446 2232 520 2279 esse
546 2218 702 2280 idoneum
728 2217 769 2279 ad
785 2233 867 2296 pur·
921 2213 1018 2276 dam:
1037 2212 1119 2274 disc.
1140 2229 1172 2276 v.
1196 2229 1239 2274 m.
1264 2215 1429 2292 quatenus
1450 2215 1601 2278 eamdem
1623 2220 1720 2296 poeta

80 2317 212 2391 gandam
228 2315 397 2394 quodlibet
421 2316 547 2378 crimen
573 2316 698 2390 sciatis
715 2317 865 2394 quincta
921 2311 989 2373 lam
1018 2311 1152 2390 ponatis
1187 2310 1323 2374 interim
1356 2312 1392 2372 in
1427 2311 1487 2374 illo
1512 2318 1719 2380 monasterio

80 2413 214 2477 infamiae
241 2429 342 2492 super
357 2414 453 2492 culpa
475 2414 641 2477 consimili
660 2415 710 2477 est
734 2430 868 2494 resper-
922 2407 1120 2470 auctoritate
1135 2406 1339 2484 Apostolica‚
1357 2406 1442 2484 quod
1458 2408 1607 2484 intravit,
1623 2412 1659 2474 ut
1673 2401 1720 2477 ihi

81 2528 130 2572 sus
148 2510 206 2592 (1).
923 2519 1040 2597 secure
1064 2505 1177 2568 ualeat
1200 2505 1410 2580 commorari,
1427 2505 1534 2569 donec
1544 2509 1719 2586 judicialis

331 2621 333 2624 ·
923 2604 1102 2675 sententia,
1130 2602 1208 2682 quid
1236 2603 1267 2663 ei
1292 2603 1336 2666 sit
1355 2604 1521 2680 agendum
1545 2605 1717 2685 decernat,

80 2715 218 2774 2122222322,
252 2710 301 2794 (h)
331 2713 366 2774 et
391 2709 438 2793 (c)
466 2717 600 2776 Lampo,
629 2717 804 2790 episcopis,
835 2715 868 2776 et
922 2701 1091 2780 recepturi
1110 2699 1319 2778 postmodum
1341 2702 1440 2778 prolui
1456 2702 1590 2779 justitia
1612 2704 1720 2769 dicia-

96 2811 195 2873 aaatli
210 2813 253 2873 222
264 2813 488 2874 palumbario
506 2813 654 2885 Bracar,
673 2815 845 2877 Dpaeoesis,
921 2800 1010 2864 verit
1023 2815 1091 2862 non
1106 2798 1214 2862 solum
1227 2798 1441 2878 probationes
1451 2799 1528 2875 riri,
1546 2801 1633 2865 sicut
1644 2820 1722 2882 pro-

922 2899 1065 2962 testatus
1079 2897 1199 2972 fuerat,
1214 2913 1297 2976 quas
1311 2896 1472 2959 inducere
1484 2898 1592 2962 voluit
1602 2905 1720 2966 contra

376 2979 514 3043 CAPUT
528 2981 569 3042 Π·
923 2998 1082 3061 mulieres
1097 2996 1187 3068 illas,
1200 3011 1274 3074 quae
1285 2993 1326 3056 ad
1337 2995 1607 3074 investigandum
1624 3001 1721 3078 signa

115 3094 217 3163 Quum
238 3108 377 3156 causam
397 3112 471 3172 quae
490 3097 669 3160 interven.
691 3095 726 3159 ff.
743 3113 801 3159 nn.
819 3095 868 3178 (d)
923 3094 1127 3173 virginitatis
1143 3110 1187 3155 ex
1204 3095 1299 3171 parte
1319 3094 1440 3172 puellae
1461 3093 1596 3159 fuerant
1610 3097 1721 3162 intro·

80 3189 262 3251 colobrien.
277 3192 312 3253 et
325 3192 454 3269 agilan.
472 3193 646 3273 episcopos
669 3209 770 3272 super
787 3210 871 3257 sua·
924 3193 1051 3270 ductae3
1067 3207 1184 3256 verum
1200 3192 1301 3253 etiam
1321 3192 1535 3268 probationes
1556 3194 1642 3258 alias
1658 3197 1723 3261 hoc

79 3299 147 3344 rum
163 3287 368 3350 limitatione
388 3287 571 3353 dioecesum
590 3292 749 3366 vertitur,
774 3292 869 3356 vobis
925 3292 1094 3369 negotium
1108 3289 1352 3366 contingentes,
1368 3303 1452 3367 quas
1467 3307 1547 3368 pars
1564 3293 1723 3357 utralibet

80 3379 268 3445 duxerimus
284 3387 569 3464 committendam
584 3388 667 3451 disc.
683 3406 715 3453 r.
731 3406 774 3451 m.
792 3405 871 3467 qua·
925 3388 1059 3450 duxerit
1072 3386 1316 3464 producendas.
1339 3386 1482 3463 atqua,
1506 3389 1543 3449 ut
1558 3387 1639 3452 dicit
1662 3403 1723 3453 ca*

81 3529 140 3600 tice,
154 3549 242 3605 quum
256 3542 340 3594 antea
355 3537 485 3596 subesset
500 3539 711 3614 hamburgensi
723 3541 868 3598 Ecclesia.
925 3539 1060 3612 corrupti,
1081 3536 1203 3594 infames
1222 3545 1282 3595 tum
1303 3532 1419 3594 infamia
1435 3528 1507 3610 juris
1524 3535 1586 3596 ‘tam
1604 3529 1723 3599 infamia

90 3601 149 3688 Ι(ῑι)
175 3607 337 3685 sacerdotes
362 3607 466 3666 Dacia.
496 3611 646 3684 Negativae
671 3612 868 3682 probationem
926 3611 1002 3681 facti,
1024 3610 1181 3678 criminosi,
1202 3609 1326 3668 accusati
1345 3607 1391 3665 vel
1410 3608 1537 3680 inquisiti
1551 3608 1587 3667 de
1604 3612 1724 3669 crimine

79 3671 181 3730 hertam
201 3691 269 3748 jure
289 3679 372 3750 regni
395 3694 411 3735 a
432 3679 471 3737 nd
486 3682 593 3752 banos,
607 3691 706 3740 contra
728 3697 871 3740 canonum
926 3685 1018 3758 gravi,
1058 3679 1153 3754 erinri,
1167 3680 1237 3737 socii
1260 3679 1398 3747 criminis,
1415 3687 1469 3736 etc.
1687 3745 1689 3750 ,

80 3747 252 3814 sanctiones,
265 3746 382 3806 damnat
420 3751 545 3810 onorius.
558 3753 697 3824 Nephelis
706 3756 872 3825 fuuumpcr
963 3753 1006 3826 (b)
1027 3697 1176 3810 lileriensi.
1190 3750 1326 3834 'Dubium
1339 3821 1344 3833 ¹
1358 3765 1395 3806 aa
1425 3751 1558 3810 auriensi
1581 3753 1724 3813 Gallaecia

80 3829 170 3895 rerum
190 3823 331 3874 naturum
351 3821 435 3878 nulla
462 3827 502 3879 est
517 3824 658 3893 prohelio,
680 3826 719 3882 eit
736 3827 873 3883 Innocen-
926 3827 1063 3898 episcopo
1081 3822 1117 3880 ad
1129 3823 1258 3891 illorum,
1278 3820 1364 3878 hodie
1379 3821 1502 3890 Oreuse;
1522 3838 1558 3879 an
1578 3825 1724 3883 cauriensi

80 3892 131 3966 trus
142 3889 193 3956 lll,
214 3887 245 3944 in
267 3902 332 3960 cap.
345 3891 440 3960 Boua,
456 3900 484 3974 et
508 3908 572 3966 cap.
590 3895 738 3965 Quoniam,
755 3897 789 3954 de
802 3897 870 3953 elec·
927 3911 944 3952 e
965 3897 1073 3967 scopo,
1089 3893 1176 3951 hodie
1192 3893 1295 3963 Coria,
1313 3893 1342 3948 in
1355 3893 1564 3950 datremuduru
1577 3897 1722 3967 provincia

81 3956 229 4039 nauehu
254 3957 331 4031 qnod
358 3975 421 4034 cap.
457 3977 487 4020 nr
514 3963 531 4022 li
559 3965 721 4037 compilat,
743 3969 873 4025 loannes
928 3911 1073 4038 liispaniae
1092 3964 1724 4037 posito,oliminlusiteniaPtolemte03uter

80 4027 258 4098 leutonrcns,
276 4031 321 4086 rel
336 4031 360 4087 sl
375 4033 438 4103 quis
457 4034 531 4092 alius
547 4037 584 4092 sit
598 4036 629 4093 iu
646 4038 761 4096 scholiis
780 4037 871 4110 tripli·
927 4053 983 4110 qne
995 4036 1195 4108 suffraganeus
1212 4041 1255 4090 est
1277 4032 1361 4090 hodie
1376 4035 1612 4106 compostellana
1629 4039 1721 4094 eccle·

80 4113 138 4154 cem
153 4101 301 4173 negativas
311 4099 500 4161 differentiam
512 4108 696 4178 notacjurts,
712 4109 870 4180 qualitatis,
927 4110 987 4166 siae.
1004 4106 1167 4177 Antiquitas
1186 4105 1215 4160 hi
1255 4111 1355 4160 uatuer
1370 4105 1552 4176 episcopatus
1571 4107 1725 4179 dequibus

80 4177 104 4224 et
117 4171 205 4252 facti;
222 4170 297 4254 duas
312 4174 419 4244 primas
439 4175 550 4247 probari
568 4177 603 4234 eb
625 4187 722 4237 actore
737 4179 870 4238 ostendit.
927 4179 983 4237 hoc
996 4192 1029 4234 ca
1052 4183 1082 4234 nt
1099 4177 1222 4248 loquitur
1235 4119 1274 4247 isi
1292 4174 1438 4232 Can1·iensi
1456 4175 1549 4248 legas)
1569 4177 1725 4234 Emeriten-

80 4246 187 4297 ternam
217 4243 350 4312 mininie,
377 4245 432 4301 nisi
447 4245 666 4308 determinatum
683 4251 873 4322 tempusve
928 4251 969 4308 sis
984 4264 1017 4306 su
1041 4247 1160 4319 raganei
1180 4251 1262 4304 erant
1277 4260 1283 4298 :
1300 4259 1367 4300 nam
1384 4243 1531 4302 Auriensis
1549 4246 1602 4302 sub
1619 4249 1722 4304 Braca-

79 4309 167 4393 lccum
182 4311 302 4372 habeat.
318 4316 407 4382 Quem
424 4315 543 4374 abusum
556 4319 585 4376 in
601 4320 712 4378 clericis
731 4327 760 4378 et
774 4335 869 4380 sacer·
927 4320 1024 4384 rensi,
1049 4325 1082 4376 nt
1109 4323 1186 4390 patet
1215 4331 1252 4374 ex
1280 4314 1473 4372 Divisionibus
1496 4317 1673 4374 Constantini
1697 4327 1726 4377 et

79 4379 187 4439 dotibus
209 4383 396 4456 reprehendit
421 4389 574 4459 Honorius,
601 4405 636 4447 eo
662 4391 737 4463 quod
766 4393 873 4463 passim
927 4388 1117 4458 Wamhae,de
1131 4386 1274 4460 quihnsin
1287 4385 1415 4457 hoceap.
1433 4387 1585 4444 Honorius.
1732 4405 1736 4410 ·

80 4455 209 4525 purgatio
233 4455 426 4528 adhiberetur,
451 4474 515 4531 que
543 4468 653 4520 ‘tantum
677 4463 707 4519 in
730 4462 872 4520 defectum
966 4460 1006 4535 (c)
1027 4459 1194 4518 lamecensi.
1210 4458 1263 4518 Vel
1278 4457 1456 4524 lamecensi,
1475 4459 1629 4516 Lusitani&
1647 4462 1723 4533 epis·

80 4523 279 4604 probationum
304 4527 478 4586 admittenda
505 4537 563 4598 est,
584 4545 648 4604 cap.
671 4534 719 4590 liu
738 4538 872 4592 tuarum.
928 4547 1000 4606 copo
1014 4530 1186 4596 aunarium,
1200 4528 1284 4586 hodie
1298 4529 1427 4609 Lampe.

80 4593 193 4653 infraue
208 4597 330 4668 Purput.
348 4613 446 4658 cauca.
461 4603 697 4674 cap.;ltiLepum
710 4605 871 4662 Buuarior.
965 4603 1004 4676 (d)
1017 4601 1220 4659 calabriacum
1239 4604 1265 4656 cl
1278 4600 1443 4669 Epituuum.
1463 4599 1535 4658 Vide
1555 4615 1619 4672 qna
1639 4617 1724 4674 Suilli
1782 4624 1788 4635 '

79 4665 159 4736 Isque
175 4682 285 4738 pravus
299 4683 362 4725 mos
379 4684 436 4727 non
450 4686 467 4727 a
480 4673 550 4728 solis
563 4673 768 4746 sacerdotibus,
791 4676 842 4733 sed
858 4691 873 4734 a
929 4675 965 4733 de
980 4673 1024 4730 his
1037 4670 1161 4728 diximus
1176 4669 1211 4727 ad
1226 4685 1289 4742 cap.
1308 4671 1334 4736 l,
1346 4669 1379 4725 dc
1391 4670 1616 4738 procurationib.

80 4738 250 4818 totabaniae
264 4747 352 4822 gente
363 4741 540 4812 serrabatur,
556 4743 620 4801 ideo
633 4746 777 4804 llonerius
790 4747 875 4818 legem
966 4743 1007 4818 (e)
1023 4743 1160 4812 aptarope
1174 4741 1297 4798 Sedebit·
1315 4741 1361 4798 3¹0
1376 4740 1542 4812 legendum,
1552 4750 1582 4800 ¹1¹
1595 4743 1623 4799 in
1633 4745 1724 4814 MSS,

80 4805 171 4864 ducta
187 4825 274 4880 rapui
295 4817 397 4868 vocat:
419 4812 477 4868 imo
495 4821 525 4871 et
544 4829 560 4872 a
581 4811 751 4888 maenibus,
771 4832 873 4890 quasa
931 4831 988 4876 non
1013 4813 1148 4886 episcopo
1167 4820 1195 4868 et
1213 4811 1414 4869 archidiacono
1434 4813 1607 4882 senonensi,
1628 4823 1659 4870 nt
1682 4823 1727 4873 est

81 4874 164 4932 banis
181 4879 333 4952 accepisse
352 4881 455 4953 conjici
473 4891 581 5010 potest,
604 4901 639 4942 eo
658 4887 734 4960 quod
756 4889 875 4947 alienis
930 4887 959 4943 in
986 4883 1111 4942 editione
1139 4883 1287 4955 Gregorii:
1323 4883 1458 4939 Senensis
1489 4885 1565 4940 enim
1598 4886 1726 4943 Ecclesia

81 4943 189 5036 devicti·
206 4955 236 5004 et
258 4952 415 5022 vectigales
439 4968 471 5010 re
491 4953 541 5012 diti
569 4955 698 5027 fuerunt,
725 4966 756 5016 ut
778 4958 876 5017 scribit
930 4964 1024 5015 erecte
1038 4955 1128 5013 luitin
1144 4953 1418 5026 archiepiscopalem
1434 4967 1510 5010 anno
1523 4963 1633 5012 tanturn
1646 4958 1725 5026 llis,

53 5075 59 5082 ,
82 5017 270 5100 λζοηῐῑιυῌ,
283 5020 421 5091 Senoniae,
436 5037 498 5095 cap.
513 5026 540 5082 i.
555 5026 710 5098 Ostiensis,
726 5037 755 5086 et
767 5031 872 5088 Panor-
932 5029 1008 5086 el‘io
1019 5029 1056 5094 ll,
1070 5027 1205 5093 circaue,
1215 5031 1287 5083 teste
1301 5025 1412 5082 tlaesare
1425 5025 1558 5095 Orlando,
1575 5026 1604 5082 in
1616 5028 1724 5085 illator.

82 5094 203 5169 mitanas
227 5087 318 5172 idem·
333 5105 365 5148 se
389 5093 425 5150 ab
452 5093 521 5166 ipsis
542 5096 721 5157 scholaribus
744 5099 876 5158 didicisse
931 5097 1054 5158 Seruari.

82 5157 216 5240 scribunt,
239 5173 368 5218 manime
386 5164 416 5219 in
433 5163 498 5222 furti
513 5168 650 5252 crimine5
670 5171 709 5228 ita
727 5177 758 5227 ut
771 5169 874 5244 depre-
968 5168 1002 5243 (l)
1020 5167 1168 5226 caleulum
1193 5169 1342 5224 sementia.
1360 5168 1415 5222 Iste
1432 5167 1567 5237 calculus,
1585 5169 1729 5242 judicialis

82 5225 186 5310 frausus
204 5245 235 5286 m
253 5230 337 5314 furto,
348 5240 382 5315 'et
394 5233 487 5293 adliuc
507 5253 566 5295 rem
581 5237 715 5298 furtivam
727 5240 780 5298 snb
798 5251 877 5300 veste
932 5240 1035 5298 dicitur
1047 5240 1078 5296 in
1093 5253 1157 5312 cap.
1174 5239 1229 5294 Pur
1246 5243 1321 5302 tues,
1338 5237 1386 5293 inf.
1398 5237 1431 5293 dc
1444 5238 1586 5308 Appellat.
1609 5243 1686 5298 Utin
1706 5243 1724 5299 l.

82 5298 211 5383 detinens
220 5316 355 5386 convinci
368 5320 425 5362 non
439 5315 545 5378 posset,
558 5309 609 5367 sed
626 5309 662 5366 ad
678 5313 876 5385 purgationem
932 5314 999 5370 nem
1006 5308 1272 5378 munerum,ss.,de
1281 5310 1373 5365 lucta.
1387 5311 1478 5373 lirae
1490 5309 1724 5383 inuejudfeesui-

82 5369 297 5454 admittentium
312 5381 354 5456 ria·
364 5377 439 5447 apud
452 5390 502 5434 eos
517 5379 573 5436 hoc
585 5381 686 5438 vitium
708 5383 876 5452 inoleverat,
932 5388 1034 5439 cuntur
1044 5382 1187 5446 insiticia
1200 5393 1207 5427 ε
1218 5380 1336 5436 calculis
1346 5382 1485 5456 suffragiu
1496 5382 1640 5452 colligere:
1652 5383 1727 5454 qnod

83 5441 223 5499 utheaorr
237 5450 268 5500 et
281 5443 356 5502 leudi
369 5454 532 5507 verterent:
549 5449 613 5508 ideo
633 5459 661 5508 et
678 5453 784 5510 Cimbri
800 5453 876 5512 dice·
933 5467 1037 5510 nomen
1068 5451 1214 5519 remansit,
1243 5451 1309 5506 licet
1335 5467 1404 5510 usus
1427 5454 1585 5519 evanuerit,
1613 5461 1729 5524 propter

83 5509 192 5594 bantur,
209 5513 240 5571 id
254 5522 298 5571 est
309 5515 455 5588 Lmreues,
472 5528 502 5575 nt
517 5518 592 5578 idem
614 5523 765 5582 Krantzius
782 5524 878 5584 scribit
935 5521 1048 5580 fraudes
1060 5537 1123 5603 qnae
1136 5523 1165 5578 in
1177 5520 1292 5593 iudiciis
1304 5523 1562 5590 conrmittehantnr,
1577 5529 1605 5578 et
1619 5525 1657 5578 lta
1670 5525 1727 5578 elu-

85 5582 144 5638 cod.
160 5585 222 5652 lrb.,
235 5598 301 5664 cap.
317 5587 344 5668 9.
935 5592 1055 5651 debatur
1067 5593 1186 5665 justitie,
1209 5600 1239 5648 ut
1258 5607 1293 5648 ex
1309 5594 1391 5666 Lysia
1411 5592 1496 5650 refert
1509 5594 1616 5662 Pollux,
1629 5593 1676 5650 lib.
1699 5597 1727 5662 7,

119 5653 158 5727 (l)
178 5657 220 5712 De
235 5670 311 5726 jure,
323 5665 492 5718 intortestca
506 5676 563 5720 non
577 5662 743 5724 admittendi
758 5667 878 5740 pecunie
934 5680 999 5735 cap.
1016 5665 1060 5734 33,
1076 5667 1271 5727 aasumensi
1283 5665 1311 5714 τὸ
1322 5666 1424 5716 eluatur.
