4004 6302
317 359 378 424 723
783 359 960 424 HONORII
981 359 1027 424 ΙΙΙ
1048 357 1196 424 OPERA.
1216 387 1254 406 ···
1270 357 1503 426 sunnonis.
1881 373 1928 436 iil
1954 270 1957 356 Ι

318 518 355 582 in
367 518 429 584 luti
443 516 627 584 volutabro.
641 521 710 597 ligo
724 520 860 599 opertus
874 521 911 584 ln
924 517 1112 600 sepulchro,
1168 519 1242 584 avla
1252 519 1341 582 enim
1349 521 1525 608 synagoga
1535 515 1615 582 iecit
1623 513 1798 596 labruscas,
1806 525 1873 603 quta
1880 545 1928 606 pro

318 617 377 680 sed
390 619 427 680 tu
441 618 595 696 sepeliris
610 617 645 680 in
659 618 801 682 interno.
1166 618 1255 680 bono
1268 617 1412 681 reddidit
1434 617 1571 688 malum,
1587 617 1665 695 quia
1680 619 1813 696 primum
1832 626 1929 691 occidit

359 716 451 788 Quod
474 731 643 795 synagoga
656 717 710 780 vel
726 717 873 780 Ecclesia
890 716 992 780 fuerit
1002 717 1111 791 vinea,
1168 717 1363 794 Prophetas,
1378 716 1491 796 postea
1505 716 1674 778 Christum
1692 718 1861 796 crucifixit3
1875 725 1929 786 ste

319 812 400 876 dicit
410 813 529 874 isaias:
542 818 647 878 Vinea
655 818 795 877 Dcrntnl
804 817 950 878 Sabaoth
962 813 1111 896 (Is.v,7),
1168 814 1315 893 phanum
1340 813 1511 892 lapidavit,
1541 814 1716 892 Apostolos
1741 816 1772 877 et
1795 819 1928 896 martyres

318 909 405 972 idest
427 911 648 985 exercituum,
664 913 717 975 vel
737 913 977 991 omnipotentis
997 912 1113 976 domus
1168 913 1289 974 multos
1315 911 1493 986 interemit,
1511 911 1600 974 sicut
1625 912 1779 974 Dominus
1807 913 1878 978 dicit
1902 919 1930 980 in

319 1007 423 1069 lsrael
443 1008 504 1070 est.
527 1010 567 1072 nt
589 1009 719 1072 David:
746 1015 887 1074 Vineam
910 1015 951 1074 de
964 1012 1114 1089 AEpnplo
1168 1010 1348 1088 Evangelio
1378 1032 1386 1072 ι
1419 1013 1632 1083 Jemsalem,
1660 1012 1846 1074 Jerusalem
1870 1029 1930 1088 one
1962 1036 1964 1124 4

319 1105 529 1168 transtulisti
553 1105 622 1188 (Ps.
647 1109 697 1182 79,
723 1107 768 1188 9).
798 1112 890 1170 Tunc
914 1108 1003 1171 enim
1027 1112 1114 1172 Deus
1168 1113 1293 1173 occidis
1305 1108 1499 1184 Prophetas
1514 1105 1647 1188 (Matth.
1666 1121 1763 1181 xxm,
1777 1105 1836 1187 ³7),
1851 1109 1928 1185 idest,
1962 1146 1965 1224 1

318 1203 526 1280 omnipotens
545 1205 679 1269 vineam
702 1205 742 1269 de
761 1207 905 1285 AEgypto
932 1207 1112 1282 transtulit,
1168 1221 1226 1271 eos
1239 1211 1299 1282 qni
1312 1206 1353 1268 ad
1368 1209 1403 1269 te
1417 1206 1511 1272 missi
1531 1206 1619 1268 sunt.
1640 1206 1731 1279 Quod
1749 1206 1850 1268 autem
1865 1207 1932 1272 dixit
1963 1243 1965 1250 ·

319 1315 393 1362 cum
406 1317 466 1379 per
477 1319 613 1365 manum
627 1305 751 1382 Moysis
773 1305 960 1368 israehtam
983 1307 1114 1383 gentem
1167 1307 1372 1378 Jerusalem,
1398 1307 1605 1377 Jerusalern,
1621 1301 1772 1380 repetitio
1797 1305 1843 1366 est
1864 1319 1930 1367 oon·

317 1397 360 1460 de
368 1399 567 1477 AEgyptiaca
577 1403 735 1466 servitute
746 1419 806 1482 per
815 1405 910 1482 signa
920 1406 954 1467 et
964 1404 1115 1484 prodigia
1169 1402 1361 1482 quaestionis
1375 1403 1429 1466 vel
1448 1400 1768 1465 communicationis.
1788 1401 1878 1473 Quasi
1893 1403 1933 1464 di·

318 1497 467 1560 maxima
490 1498 636 1562 liberans
659 1500 694 1562 in
718 1501 849 1565 deserto
874 1502 999 1577 eduxit,
1024 1502 1114 1565 etin
1168 1500 1570 1577 ceretzlerusalem,Ego
1585 1496 1932 1562 constituitedominam
1967 1513 1968 1528 ²

319 1595 551 1672 promissionis
578 1598 669 1660 terra
695 1601 902 1677 postmodum
928 1601 1113 1664 collocavit.
1168 1599 1326 1678 gentium,
1352 1599 1385 1662 et
1407 1599 1592 1678 principem
1616 1597 1868 1675 provinciarum
1888 1597 1932 1658 sed
1968 1584 1969 1660 l

318 1693 357 1754 In
370 1708 436 1770 qua
457 1694 637 1758 secundum
650 1697 845 1760 vaticinium
858 1699 954 1762 Isaiae
969 1699 1112 1762 dicitur:
1169 1699 1247 1776 quia
1275 1697 1399 1760 occidis
1424 1697 1610 1775 Prophetas
1633 1695 1668 1758 et
1690 1694 1853 1757 Dominum
1873 1709 1935 1772 pro-
1969 1694 1970 1760 l

324 1793 431 1854 Vinea
447 1793 540 1866 saeta
554 1794 606 1855 est
624 1796 745 1858 diecto
767 1799 805 1858 in
827 1811 936 1860 cornu
958 1799 1029 1872 filio
1051 1802 1115 1862 olei
1169 1795 1353 1874 phetarum,
1377 1795 1567 1872 demergam
1591 1794 1625 1857 te
1647 1793 1684 1855 in
1710 1792 1873 1855 internum.
1889 1793 1934 1854 Je-
1970 1803 1971 1830 1

320 1885 426 1967 (lsv,
444 1888 488 1969 1),
505 1890 583 1968 quia
600 1890 782 1970 insignum
803 1893 1001 1970 dilectionis,
1021 1912 1115 1959 men·
1169 1894 1329 1968 rusalem,
1362 1893 1525 1956 honoravi
1562 1893 1596 1956 te
1628 1891 1749 1968 templo
1778 1890 1809 1953 et
1837 1904 1932 1952 sacer·
1971 1912 1972 1931 1

318 1983 419 2049 tionis
442 1988 635 2066 mysterium
650 1990 788 2069 accepit,
804 1993 911 2071 regni,
928 1993 1066 2068 scilieet,
1083 1994 1115 2058 et
1169 1992 1270 2066 dotto,
1287 1993 1319 2054 et
1341 1992 1436 2069 regni
1460 1991 1622 2069 dignitate
1638 2011 1647 2052 ι
1663 1990 1721 2051 sed
1739 1987 1812 2066 quia
1827 1986 1934 2065 lapides
1972 2027 1973 2040 2

318 2083 507 2148 sacerdotii.
531 2089 671 2165 Propter
696 2090 782 2167 quod
814 2091 992 2154 Zacharias
1020 2093 1115 2170 pater
1169 2090 1303 2170 eosqui
1326 2089 1500 2153 mittuntur
1514 2091 1556 2152 ad
1569 2091 1616 2165 te,
1633 2104 1700 2152 non
1720 2087 1889 2164 relinquam
1907 2083 1934 2144 in

318 2181 458 2243 loannis
487 2185 644 2261 Baptistae
675 2185 716 2248 de
746 2187 895 2263 christo,
927 2190 985 2267 qui
1015 2206 1114 2252 verus
1168 2190 1202 2251 te
1229 2188 1372 2266 lapidem
1401 2204 1502 2266 supra
1529 2187 1688 2266 lapidem,
1717 2201 1756 2248 eo
1782 2182 1859 2262 quod
1883 2195 1935 2242 non

270 2363 273 2368 Ι
319 2280 393 2342 erat
403 2295 466 2341 rex
480 2282 513 2344 et
524 2283 691 2356 sacerdos,
704 2285 837 2364 quinon
850 2287 1016 2350 materiali
1028 2288 1113 2363 oleo,
1170 2286 1365 2364 cognoveris
1388 2288 1517 2364 tempus
1538 2284 1741 2349 visitationis
1762 2283 1834 2344 tuae.
1860 2278 1935 2341 Unde

319 2376 378 2438 sed
404 2378 571 2456 spirituali
594 2382 711 2444 unctus
726 2384 800 2445 erat
812 2401 881 2462 prae
897 2386 1115 2465 participibus
1168 2385 1331 2449 ieremias
1348 2388 1497 2448 :Milvus
1510 2387 1548 2446 in
1560 2389 1646 2446 coelo
1664 2379 1936 2459 cognovitlernpln

319 2474 403 2547 suis,
426 2475 508 2539 dicit
524 2498 531 2538 ι
548 2481 677 2542 Ereacit
699 2485 795 2544 nobis
816 2487 985 2546 Dominus
1007 2500 1116 2547 cornu
1169 2499 1288 2557 sunem
1310 2484 1440 2556 turtur,
1464 2485 1630 2555 timendo,
1648 2481 1683 2544 et
1705 2481 1830 2542 cwonia
1848 2474 1936 2538 nnn

318 2573 442 2636 scintis
454 2572 548 2653 (Luc.
565 2578 594 2650 1,
608 2575 673 2657 69),
688 2579 783 2653 idest,
795 2581 979 2659 principem
998 2583 1115 2646 salutis
1169 2582 1309 2644 dierunt
1323 2581 1458 2656 ternpus
1471 2581 1642 2643 adversius
1655 2582 1726 2652 sni;
1737 2579 1936 2652 101111111-

286 2719 288 2723 ,
319 2668 778 2750 dedomonavidhoeest,
800 2677 987 2742 desemine
1011 2681 1115 2744 David
1171 2681 1241 2742 tem
1260 2695 1358 2742 mein
1381 2693 1450 2742 non
1472 2678 1811 2756 cognovttjudtctnm
1821 2671 1936 2735 omnini

319 2769 494 2846 1119111111·
1171 2776 1306 2859 (ierem.
1340 2792 1419 2850 rur,
1449 2773 1496 2855 7).
1526 2777 1621 2839 Unde
1657 2773 1742 2836 sicut
1774 2770 1882 2832 dicitur
1909 2765 1936 2826 in

360 2867 449 2929 Mala
473 2885 552 2947 ergo
569 2871 647 2935 vitis
672 2875 723 2937 est
750 2889 935 2953 synagoga,
952 2875 1031 2954 quia
1049 2891 1116 2938 non
1170 2875 1297 2954 psalmo
1323 2898 1331 2937 ε
1358 2875 1569 2952 Effuderunt
1601 2875 1805 2950 sanguinent
1838 2879 1938 2929 eonem

321 2964 481 3041 produxit
488 2983 604 3030 verum
614 2971 804 3045 vinum,sed
819 2975 959 3037 acetum.
972 2973 1116 3058 interme
1170 2974 1258 3036 sicta
1273 2989 1400 3050 apuam
1413 2978 1450 3036 in
1464 2972 1612 3036 circuitu
1627 2972 1828 3036 Jerusalem,
1842 2963 1871 3024 et
1884 2975 1939 3022 riori

321 3062 374 3123 est
399 3063 514 3127 vinum
540 3082 604 3144 quo
627 3068 712 3129 ebrii
737 3069 972 3134 inebriantur:
994 3073 1116 3135 Vinum
1171 3072 1248 3134 erat
1268 3075 1327 3146 qni
1349 3069 1510 3146 sepeliret
1533 3068 1602 3151 (Ps.
1624 3070 1678 3141 78,
1697 3066 1744 3147 3).
1762 3060 1860 3128 Judaei
1876 3061 1939 3121 tunc

322 3159 458 3224 malitiae
484 3163 570 3239 quod
601 3165 708 3228 effluit
733 3166 773 3230 de
801 3183 866 3232 uva
893 3169 1003 3244 tellis,
1036 3173 1069 3233 et
1096 3187 1116 3232 a
1171 3169 1362 3248 dejecerunt
1385 3168 1553 3230 Christum
1571 3167 1612 3228 de
1629 3163 1729 3228 corde
1747 3177 1815 3233 suo,
1830 3153 1938 3237 quaudo

321 3255 453 3320 diabolo
474 3259 606 3324 initium
629 3263 756 3339 habuit,
779 3267 836 3344 qui
859 3268 1115 3330 amaritudinem
1171 3283 1246 3329 eum
1270 3266 1472 3340 occiderunt,
1494 3265 1580 3327 sicut
1602 3263 1686 3326 dicit
1705 3259 1869 3338 apostolus
1887 3275 1894 3314 ε
1910 3252 1940 3314 Sl

320 3356 448 3433 peccati
458 3358 616 3423 etmortis
630 3361 775 3426 humano
788 3365 903 3441 generi
914 3367 1114 3444 propinavit,
1171 3365 1427 3445 cognovissent,
1444 3377 1622 3438 nunonem
1641 3363 1825 3425 Dominam
1840 3353 1939 3432 plone

321 3468 386 3531 quo
415 3455 587 3520 ebriantur
615 3459 723 3540 iniqui
751 3462 938 3526 conformes
966 3465 998 3526 ei
1024 3464 1115 3528 iacti.
1170 3463 1426 3538 emanarent
1438 3460 1467 3542 (1
1481 3463 1554 3524 Cor.
1568 3475 1606 3534 11,
1617 3459 1666 3540 8).

320 3551 442 3614 Vinum
457 3556 634 3636 molestiae3
659 3560 745 3638 quod
760 3563 893 3624 emanat
908 3563 949 3625 de
962 3563 1116 3627 labrusca
1211 3561 1443 3639 cognoverunt
1470 3575 1546 3622 eum
1574 3559 1608 3620 et
1635 3573 1704 3621 non
1730 3544 1939 3632 cognoverunt

320 3651 520 3714 conditionis
540 3653 706 3730 humanae,
725 3675 798 3736 quae
818 3659 957 3722 Domino
977 3677 1036 3722 suo
1057 3678 1116 3738 pro
1171 3659 1403 3737 cognoverunt
1421 3673 1498 3722 eum
1521 3671 1594 3718 esse
1618 3655 1796 3725 Christum,
1816 3647 1866 3710 sed
1887 3655 1940 3704 non

321 3747 400 3808 vino
419 3751 549 3813 acetum
573 3752 760 3831 iniquitatis
781 3757 945 3833 apposuit,
959 3757 1023 3835 quo
1037 3759 1117 3821 vino
1171 3758 1397 3834 cognoverunt
1411 3771 1483 3818 esse
1499 3758 1612 3817 Deum.
1623 3754 1708 3826 Quia
1721 3745 1940 3814 videbanteum

322 3843 472 3924 quisquis
485 3847 670 3914 inebriatur
683 3867 750 3914 non
769 3853 911 3931 injuste;
928 3854 985 3916 sed
999 3856 1116 3918 merito
1171 3855 1333 3917 miracula
1355 3853 1544 3924 facientem,
1564 3853 1714 3914 mortuos
1740 3843 1940 3911 suscitantem,

321 3944 449 4019 peccati
464 3946 517 4008 sui
531 3963 551 4009 a
566 3949 634 4011 Deo
653 3949 716 4012 hoc
733 3951 860 4028 perpeti
873 3952 1114 4031 comprobatur.
1171 3953 1319 4031 leprosos
1338 3951 1561 4024 mundantem,
1579 3966 1687 4013 caecos
1711 3939 1940 4010 illuminantem,

321 4040 443 4103 Vinum
466 4045 595 4120 gratiae
612 4047 699 4125 quod
719 4063 762 4111 ex
786 4047 881 4113 botro
895 4051 1005 4130 Cypri,
1019 4051 1115 4126 idest,
1171 4052 1205 4116 et
1222 4067 1335 4114 omnes
1358 4050 1445 4112 male
1466 4049 1627 4112 hahentes
1650 4047 1831 4114 curantem,
1845 4034 1942 4100 credo·

321 4137 476 4216 largitate
500 4144 657 4220 decurrit,
678 4147 712 4210 et
731 4146 794 4210 hoc
816 4150 867 4212 est
885 4151 1029 4212 mustum
1052 4166 1116 4229 quo
1170 4149 1250 4213 bant
1262 4147 1610 4212 eumesseChristum.
1623 4145 1708 4218 Quia
1722 4137 1869 4207 viderunt
1881 4144 1942 4195 eun

321 4236 383 4299 dlii
406 4243 519 4318 sponsi
545 4241 726 4320 ebriantur,
750 4247 784 4308 et
808 4247 950 4310 mittitur
969 4248 1005 4309 in
1027 4249 1117 4311 utres
1172 4247 1317 4308 humana
1336 4244 1526 4323 patientem,
1542 4240 1663 4303 tamem
1677 4235 1838 4305 videlicet,
1857 4229 1941 4297 sitim,

321 4351 437 4399 novos.
454 4341 590 4411 Quando
612 4344 700 4404 enim
721 4345 881 4406 Dominus
905 4346 1069 4422 pendebat
1082 4347 1117 4408 in
1171 4344 1351 4416 tristitiam,
1366 4340 1597 4404 lassitudinem
1617 4340 1649 4401 et
1668 4340 1789 4401 caetera
1810 4346 1876 4412 qnae
1889 4326 1942 4386 hu-

322 4450 420 4499 cruce
440 4439 473 4499 et
493 4439 577 4502 dixit
599 4461 606 4502 :
630 4442 718 4504 Sttio
742 4463 750 4504 e
770 4443 878 4505 Judaei
897 4445 1119 4520 porrexerunt
1172 4458 1280 4506 manae
1303 4440 1505 4504 infirmitatis
1527 4437 1605 4500 sunt
1626 4436 1772 4514 propria,
1795 4445 1858 4494 non
1878 4437 1944 4528 col·

321 4533 354 4595 ei
368 4536 510 4598 acetum.
525 4539 600 4600 Non
616 4541 704 4600 enim
719 4539 870 4602 Christus
889 4540 1021 4603 sitiebat
1035 4558 1116 4604 ace·
1172 4536 1336 4600 noverunt
1362 4551 1438 4597 eum
1465 4547 1539 4596 esse
1562 4533 1677 4603 Deum,
1705 4529 1793 4610 quia,
1818 4517 1895 4584 sicut
1915 4527 1943 4575 m

321 4633 403 4706 tum,
417 4635 473 4696 sed
488 4635 597 4698 tidem.
611 4639 785 4716 synagoga
799 4638 911 4702 tamen
922 4637 1021 4702 dabat
1031 4639 1117 4718 quod
1172 4635 1257 4698 libro
1286 4631 1465 4710 Sapientiae
1493 4630 1615 4692 dicitur
1632 4649 1640 4690 ε
1657 4621 1851 4691 liaeaecnvit
1866 4617 1944 4680 enlm

323 4728 476 4795 hahebat·
1173 4737 1245 4797 illos
1258 4731 1394 4793 malitie
1407 4743 1529 4792 eornm
1544 4726 1636 4806 (Sap.
1653 4741 1691 4795 11,
1706 4723 1772 4804 21).

364 4829 447 4898 Quid
459 4830 547 4892 enim
558 4847 617 4909 per
625 4832 755 4895 acetum
765 4832 973 4912 intelligitur,
986 4833 1051 4898 nisi
1062 4833 1119 4896 du·
1212 4831 1294 4894 item
1303 4849 1310 4889 ε
1319 4826 1407 4890 acciit
1415 4830 1530 4902 primo
1543 4823 1944 4890 meaecondnoereopera·

323 4921 402 4984 ritia
418 4926 526 4988 cordis
542 4944 656 4990 eorum
668 4931 701 4992 et
710 4931 861 4994 doctrina
875 4947 990 4995 eorum
1004 4947 1118 4994 amara
1172 4931 1245 4990 rios
1259 4931 1296 4988 in
1310 4927 1449 4986 vineam
1458 4937 1570 4986 suem.
1582 4922 1734 5000 operarii
1747 4920 1844 4997 hujus
1853 4913 1944 4974 vinee

323 5019 358 5082 et
383 5022 532 5096 acetosa,
557 5041 713 5099 erronea,
739 5028 772 5090 et
794 5031 986 5092 venenosal
1010 5031 1116 5103 Unde,
1174 5026 1251 5088 sunt
1265 5037 1379 5086 omnes
1393 5020 1534 5098 praelati,
1551 5020 1583 5083 et
1603 5035 1718 5082 omnes
1731 5010 1943 5097 predicatores

323 5133 402 5181 cnm
424 5121 607 5198 pastusset,
624 5125 732 5186 noluit
753 5127 875 5188 bibere.
903 5127 996 5189 Unde
1020 5127 1118 5191 etiam
1173 5121 1392 5200 praedicantes
1406 5119 1543 5182 verbnm
1558 5118 1629 5191 Dei,
1641 5117 1737 5191 idest,
1746 5110 1871 5195 quando
1878 5117 1946 5183 prae·

324 5215 396 5294 lpse
413 5221 628 5297 conqueritur
639 5236 699 5299 per
711 5221 831 5284 isaiam
845 5223 975 5285 dicens:
989 5229 1121 5301 Ennea·
1174 5221 1303 5283 dicator
1318 5233 1399 5281 sane
1412 5215 1548 5295 exponit
1561 5214 1788 5292 Evangelium,
1801 5201 1945 5288 epistolas

325 5315 399 5378 tuot
422 5317 460 5378 nt
483 5320 614 5393 sereret
647 5335 746 5394 unm,
776 5321 915 5395 etfacit
945 5325 1120 5386 labmnous
1174 5319 1262 5381 beati
1275 5316 1382 5389 Pauli,
1393 5313 1625 5394 apocalypsim
1636 5315 1668 5375 et
1678 5313 1762 5375 alias
1772 5306 1943 5406 scriptitat,

325 5411 384 5493 (Is.
406 5431 438 5488 v,
456 5414 503 5495 2),
520 5415 738 5494 iniquitatem,
753 5417 890 5492 scilicet,
908 5419 940 5482 et
961 5419 1121 5484 maledie-
1175 5415 1305 5495 quando
1315 5413 1506 5493 praedicatio
1519 5412 1553 5474 et
1565 5401 1945 5489 doetrinapreedieatioms

325 5511 460 5574 tionem.
477 5514 557 5575 Item
577 5529 637 5591 per
651 5516 801 5577 eumdem
821 5515 943 5578 dicitur
956 5537 963 5577 ε
978 5519 1118 5592 Enpec-
1175 5515 1211 5578 111
1225 5529 1318 5586 sana,
1331 5512 1367 5573 tit
1380 5511 1521 5587 integra,
1538 5509 1574 5572 lit
1583 5510 1655 5570 sine
1667 5523 1780 5571 errore
1794 5504 1825 5566 et
1838 5500 1871 5562 tit
1885 5495 1946 5604 sine

327 5611 400 5674 tant
415 5613 452 5674 nt
465 5613 784 5687 faceretjndieinrn,
801 5615 836 5676 et
850 5629 925 5678 ecce
940 5617 1119 5692 irriguitas
1175 5607 1564 5681 ammixtionelalsitatis,
1590 5608 1627 5669 nt
1648 5607 1734 5685 quod
1744 5602 1837 5667 docet
1849 5589 1944 5706 iaciat,

326 5709 360 5772 et
373 5711 560 5784 iristitiam,
577 5713 611 5776 et
632 5727 707 5776 ecce
728 5718 858 5778 emmor
872 5711 929 5794 (is.
946 5729 980 5782 v,
993 5712 1038 5794 7).
1055 5717 1120 5780 Pro
1175 5708 1355 5774 secundum
1370 5705 1557 5786 exemplum
1567 5703 1718 5782 Magistri
1732 5691 1892 5776 sni,coep1t
1903 5691 1947 5750 le·
