4004 6302
271 371 333 434 719
734 371 910 452 Helloall
931 372 977 433 111
997 371 1145 434 OPERA.
1161 403 1200 428 ι-
1216 369 1447 435 SERMONES.
1852 367 1905 436 720

272 529 370 594 modo
405 546 464 609 per
491 530 780 608 gubernationem,
810 533 847 594 in
871 531 981 596 futuro
1005 547 1066 610 per
1120 531 1186 594 tris
1213 536 1251 594 in
1276 537 1445 610 scapulae
1471 547 1548 594 sao.
1575 528 1617 590 nt
1635 528 1671 588 in
1691 527 1832 606 Epistola
1854 547 1905 594 oa-

273 629 559 705 glorificationem.
585 634 650 692 Per
676 631 969 708 probemaatiooam,
987 631 1065 709 qnia
1119 630 1238 692 nonioa
1264 651 1271 692 a
1296 633 1445 708 scopate
1471 633 1557 692 daea
1585 629 1651 700 titii
1684 630 1749 688 Dei
1774 632 1904 690 muiadot

273 727 345 804 ipse
357 728 443 804 regit
456 727 638 790 Ecclesiam
660 745 754 789 suam
775 729 864 791 inter
885 730 1064 792 varietates
1087 745 1088 750 ¹
1119 745 1181 791 cos
1201 731 1242 790 ab
1270 732 1364 791 onorat
1398 727 1539 802 peccato
1572 724 1602 805 (I
1630 726 1730 786 ioan.
1758 739 1781 796 1,
1805 721 1847 803 7).
1873 728 1906 788 Ε)

272 824 307 886 et
324 825 471 901 pericula
487 826 586 902 hujus
601 826 731 902 mundi3
748 827 836 904 quia,
854 828 890 890 ut
903 827 951 889 ait
965 831 1065 904 Apos-
1119 827 1224 887 isaias
1241 848 1248 886 ι
1271 829 1355 888 Vera
1373 830 1558 902 Moauores
1580 822 1723 884 nostros
1737 824 1808 894 ipse
1827 823 1903 896 tutti,

272 922 360 984 tolus
375 927 512 997 :Nactae
524 927 582 998 oui
596 923 732 998 placitat
746 925 1064 1000 catalecticoque
1119 927 1152 985 at
1175 927 1307 986 dotores
1328 924 1465 986 costros
1490 925 1566 994 ipsa
1585 919 1747 993 portanti
1767 916 1821 997 (ls.
1842 934 1903 992 uri,

271 1024 331 1094 poi
348 1022 599 1097 6166186ιί666·
621 1023 873 1086 incrementum
886 1023 955 1095 dai,
972 1028 1066 1086 Deus
1118 1021 1164 1101 4).
1190 1021 1283 1083 Unde
1302 1020 1496 1082 Ambrosius
1518 1039 1526 1078 ι
1552 1035 1572 1078 ιι
1593 1015 1741 1079 Mundus
1759 1016 1905 1078 Dominus

272 1115 302 1196 (Ι
315 1119 390 1179 Cor.
407 1133 457 1188 ιιι,
473 1118 518 1198 7).
533 1121 572 1181 Ε)
588 1120 667 1182 lieet
685 1113 805 1182 ahsens'
819 1120 971 1184 videatur
990 1137 1066 1182 cor-
1119 1119 1275 1180 mundam
1299 1119 1361 1180 sihi
1380 1117 1541 1180 familiam
1559 1115 1597 1176 in
1612 1114 1679 1175 hoc
1697 1127 1832 1190 corpore
1845 1114 1906 1176 ele-

271 1229 364 1292 pore,
391 1216 502 1278 tamen
529 1233 675 1294 praesens
703 1220 754 1280 est
776 1218 961 1291 divinitate,
986 1217 1065 1295 quia
1119 1217 1213 1294 git.»

270 1314 359 1373 Deus
389 1312 511 1391 ubique
537 1314 587 1376 est
614 1330 681 1376 non
709 1316 816 1376 solum
841 1313 1088 1393 potentialiter
1159 1319 1309 1392 Regnum
1330 1329 1408 1391 ergo
1432 1313 1611 1386 coelorum,
1645 1309 1745 1382 idest,
1770 1307 1905 1370 Ecclesia

270 1409 327 1470 sed
350 1410 450 1473 etiam
478 1412 712 1485 essentialiter,
732 1413 817 1474 siout
838 1413 923 1475 dixit
934 1414 1062 1477 David:
1119 1429 1206 1475 nunc
1225 1414 1277 1476 est
1301 1411 1409 1474 simile
1437 1411 1579 1482 homini,
1607 1407 1713 1482 idest,
1733 1405 1906 1486 patrifami-

269 1509 308 1568 Si
331 1511 519 1570 ascaridero
544 1513 581 1570 to
603 1516 725 1572 coetom
749 1513 787 1573 ia
813 1515 880 1574 titio
900 1527 947 1585 es,
977 1513 1012 1574 at
1033 1516 1065 1574 si
1119 1510 1192 1584 lias,
1209 1511 1305 1586 idest,
1326 1513 1405 1583 Deo,
1421 1507 1586 1572 imitando
1602 1509 1678 1584 ejus
1696 1503 1903 1566 sanctitatem.

270 1608 477 1668 descendero
490 1610 526 1668 ta
544 1609 739 1682 infernum,
752 1613 833 1670 ades
848 1607 918 1688 (Ps.
931 1611 1000 1683 138,
1016 1610 1063 1690 8.)
1120 1610 1214 1672 Unde
1229 1609 1388 1672 Dominus
1405 1608 1440 1668 in
1456 1609 1564 1683 Lege:
1582 1604 1705 1668 Sarteii
1718 1601 1822 1664 estote
1834 1604 1905 1674 pcto

271 1705 311 1762 Ε)
333 1704 405 1780 ipse
426 1705 585 1764 Dominus
606 1705 641 1765 in
663 1707 845 1783 Evangelio
868 1712 980 1771 :Eece
1003 1723 1064 1785 epo
1118 1711 1192 1783 lfao
1205 1707 1353 1768 Sanctus
1375 1721 1454 1767 som
1465 1702 1587 1785 (Lavit
1602 1717 1678 1773 nx,
1695 1698 1809 1780 2).Η16
1818 1697 1904 1759 homo

270 1802 443 1864 nobiscum
470 1817 549 1863 suin
571 1805 729 1865 omatibus
751 1808 868 1867 aiebas
895 1821 1002 1880 usqua
1020 1809 1065 1867 ad
1119 1804 1359 1882 paterfamilias
1378 1803 1460 1864 exiit
1478 1803 1586 1880 primo
1608 1815 1709 1861 mana
1733 1795 1903 1859 conducere

269 1900 1060 1984 consarcinationemsoecati(Matth.anuntio).
1119 1903 1289 1980 operarios
1314 1902 1349 1963 in
1373 1901 1505 1962 vineam
1529 1915 1637 1960 suam.
1658 1893 1843 1958 Notandum
1859 1892 1903 1955 est

268 1997 316 2056 Aa
334 1995 363 2056 si
387 1996 512 2058 diceret
529 2019 536 2056 :
555 1998 732 2060 Vobiscum
752 2015 825 2062 snm
851 2002 1018 2078 protector
1029 2002 1063 2062 1ιι
1118 2000 1204 2078 quod
1218 2001 1362 2078 quinque
1375 1999 1467 2060 horae
1477 1997 1715 2074 exprimuntur
1727 1993 1761 2054 in
1771 1994 1903 2066 Evange

268 2091 538 2155 tribulationibus
550 2095 584 2157 et
596 2096 728 2173 adjutor
738 2098 774 2158 in
788 2096 884 2159 honis
895 2099 1062 2176 operibus,
1118 2099 1175 2171 lio,
1189 2097 1353 2169 videlicet,
1368 2095 1486 2174 prima,
1497 2095 1611 2166 tertia,
1623 2093 1732 2163 sexta,
1745 2105 1840 2161 nona,
1852 2103 1902 2148 nn·

270 2189 307 2250 ut
326 2190 362 2250 in
382 2191 583 2254 adversitate
602 2209 669 2254 non
690 2194 852 2257 deficiatis
874 2211 934 2272 per
952 2197 1064 2274 impa-
1119 2196 1311 2274 decima3et
1328 2194 1480 2270 designat
1493 2193 1643 2270 quinque
1660 2190 1775 2252 aetates
1789 2184 1900 2248 mundi.

269 2286 433 2360 tienliam,
463 2305 569 2366 neque
602 2291 637 2350 in
671 2291 958 2382 administratione
986 2294 1064 2356 beni
1118 2296 1216 2356 Mane
1243 2293 1331 2356 enim
1352 2292 1415 2354 fuit
1440 2291 1481 2353 ab
1503 2291 1612 2352 Adam
1637 2302 1744 2365 usque
1766 2285 1806 2346 ad
1827 2283 1899 2345 Noe.

270 2384 381 2460 operis
405 2400 464 2462 per
493 2387 702 2464 injustitiam.
719 2390 831 2454 Multae
860 2391 948 2454 enim
974 2393 1062 2466 sunt,
1119 2395 1207 2456 Hora
1225 2391 1439 2454 tertiaaNoe
1449 2405 1553 2466 usque
1563 2388 1607 2449 ad
1621 2384 1798 2450 Abraham.
1812 2379 1901 2442 Sexta

269 2483 306 2544 ut
338 2482 386 2544 ait
413 2483 601 2558 Psalmista,
628 2486 860 2550 tribulationes
884 2489 1062 2567 justorum,
1118 2489 1160 2552 ah
1185 2488 1352 2552 Abraham
1382 2502 1487 2565 usque
1517 2486 1558 2547 ad
1591 2487 1744 2562 Moysen.
1774 2480 1899 2542 Nonaa

270 2579 327 2642 sed
343 2579 384 2642 de
398 2580 450 2641 his
464 2581 616 2644 omnibns
630 2583 752 2647 liberat
762 2601 819 2648 eos
832 2587 1003 2650 Dominus.
1119 2591 1232 2666 Moyse
1251 2602 1355 2665 usque
1374 2586 1415 2648 ad
1446 2584 1626 2648 adventum
1646 2578 1788 2644 Domini.
1802 2575 1900 2638 Dode-

308 2683 382 2740 Per
399 2680 693 2755 glorificationem,
708 2683 786 2759 qiua
806 2683 842 2744 in
865 2683 977 2748 futuro
1001 2685 1065 2748 erit
1119 2688 1205 2749 eima
1229 2685 1270 2746 ab
1292 2685 1436 2746 adventu
1460 2681 1595 2744 Domini
1622 2692 1728 2757 usque
1750 2674 1898 2738 adfinem

268 2775 375 2852 gloria
403 2777 532 2850 nostra,
558 2779 635 2855 quia
658 2779 694 2840 in
722 2779 782 2841 illa
806 2781 913 2858 gloria
939 2784 1064 2846 aeterna
1119 2783 1244 2847 mundi.

269 2888 409 2950 corpora
424 2875 538 2936 nostra
557 2877 656 2938 arunt
678 2877 851 2954 splendida
872 2883 905 2943 et
917 2880 1064 2956 gloriosa
1159 2883 1271 2944 Prima
1290 2879 1373 2942 hora
1391 2879 1475 2941 exiit
1495 2878 1531 2940 in
1557 2874 1709 2952 Angelis,
1733 2871 1825 2938 idest,
1843 2882 1897 2930 vo-

269 2971 302 3033 et
316 2971 440 3034 similia
453 2975 584 3051 corpori
595 2975 717 3038 Christi
729 2976 765 3036 in
777 2977 929 3041 claritate
944 2981 977 3042 et
990 2979 1065 3042 hea-
1118 2980 1280 3042 luntatem
1304 2993 1397 3039 suam
1419 2975 1649 3038 manifestavit
1672 2987 1731 3050 per
1750 2965 1897 3044 angelos,

268 3068 420 3142 titudine,
438 3071 523 3133 siout
539 3072 808 3151 dioitApostolus
825 3078 1065 3140 :salvatorem
1118 3079 1196 3156 quia
1238 3076 1357 3152 Angeli
1393 3073 1617 3152 loquebantur
1662 3065 1845 3132 hominihus
1872 3059 1898 3124 at

269 3169 1065 3250 aepactamosnommamuesomcaratam,cot
1118 3175 1348 3253 exprimebant
1381 3171 1583 3234 voluntatem
1620 3169 1678 3232 Dei
1714 3161 1897 3230 hominihus,

269 3267 473 3340 refomnahii
487 3282 612 3343 corpus
625 3271 828 3333 humilitatis
841 3274 1064 3336 6611666666-
1119 3276 1205 3338 sicut
1231 3272 1371 3349 legimns
1407 3269 1443 3331 in
1478 3268 1633 3331 Genesi:
1662 3263 1761 3328 chcit
1790 3261 1896 3324 Demi·

269 3364 611 3440 oporatomoorpove
626 3369 794 3431 claritatis
805 3386 888 3432 suaa.
904 3368 1063 3450 (Philipp.
1118 3390 1184 3436 otus
1204 3377 1249 3434 aa
1268 3364 1616 3446 immittendae).
1639 3362 1794 3426 Etitem:
1812 3354 1899 3420 Dicit
1969 3361 1970 3440 j

269 3478 319 3536 ιιι,
335 3465 385 3536 20,
401 3460 468 3543 21).
484 3464 524 3528 Ε)
538 3465 695 3528 Dominus
707 3467 743 3528 in
758 3467 843 3530 libro
865 3470 1062 3547 sapientiae:
1119 3475 1285 3534 Dominus
1303 3470 1348 3529 aa
1366 3469 1452 3529 Caio
1475 3463 1571 3543 (Gen.
1596 3478 1643 3536 nv,
1663 3459 1710 3540 9).
1730 3457 1810 3532 Quia
1831 3454 1898 3514 tunt

269 3563 660 3638 Falpahauijustisicut
678 3571 728 3628 soi
746 3569 783 3627 ta
809 3581 917 3643 recito
941 3571 1064 3631 Patris
1120 3586 1185 3632 non
1224 3566 1326 3629 erant·
1354 3563 1528 3640 Propheta
1562 3576 1672 3638 neque
1713 3553 1821 3619 Sancti
1848 3562 1898 3626 per

270 3658 624 3738 eorum(Matth.x111,
637 3661 832 3741 Misimia
850 3665 903 3727 est
917 3682 1065 3742 reanum
1119 3683 1200 3746 quos
1212 3663 1413 3743 exprimeret
1427 3655 1790 3723 Dominusvoluntatem
1804 3661 1895 3717 suam,

270 3759 436 3818 catorum
454 3761 585 3820 tom-tat
600 3760 857 3833 patrifamilias.
875 3764 980 3825 Homo
1004 3780 1065 3841 pa·
1118 3767 1151 3827 et
1180 3764 1243 3826 hoe
1275 3761 1338 3824 fuit
1364 3760 1405 3822 ab
1437 3757 1542 3822 Adam
1574 3771 1682 3834 usque
1713 3752 1754 3816 ad
1785 3747 1896 3823 tempus

269 3852 468 3916 terlamilias
493 3854 543 3916 est
570 3856 657 3916 Deus
685 3857 785 3918 Pater
813 3859 869 3935 qni
895 3859 973 3924 fecit
1000 3861 1064 3924 sibi
1119 3864 1201 3924 Noe.

271 3951 432 4014 familiam
446 3951 570 4014 virtute
584 3969 653 4014 suae
670 3954 844 4032 potentiae3
870 3957 956 4022 idest
970 3975 1066 4022 crea·
1159 3963 1248 4021 Hora
1269 3956 1368 4020 tertia
1392 3954 1475 4017 exiit
1500 3953 1535 4014 in
1559 3948 1782 4018 Patriarchis,
1806 3940 1893 4006 idest.

270 4049 481 4126 vitAngelos,
493 4049 647 4113 formavit
656 4051 824 4114 bominem
834 4053 875 4116 ad
886 4055 1064 4133 imaginem
1119 4054 1344 4121 manifestavit
1357 4051 1561 4116 voluntatem
1574 4065 1670 4110 suam
1687 4061 1746 4124 per
1758 4039 1893 4106 Patriar·

270 4148 304 4209 et
333 4145 583 4210 similitudinem
607 4164 717 4222 suam,
739 4150 840 4227 elegit
857 4154 1064 4229 patriarchas
1120 4157 1210 4228 chaS,
1225 4153 1321 4225 idest,
1340 4167 1400 4229 per
1413 4151 1485 4212 Noe
1499 4152 1532 4210 et
1545 4147 1632 4208 illios
1647 4159 1736 4216 snos,
1753 4140 1826 4218 quia
1838 4131 1893 4211 ipsi

270 4247 305 4310 et
322 4245 517 4323 prophetas,
541 4246 718 4322 Apostolos
743 4248 776 4310 et
803 4249 968 4324 doctores,
997 4252 1065 4314 imo
1119 4253 1253 4316 fuerunt
1282 4249 1380 4328 primi
1410 4245 1615 4308 Patriarchaa
1650 4242 1684 4305 et
1712 4239 1820 4322 postea
1834 4243 1894 4309 per

269 4345 372 4407 totam
393 4343 574 4406 Ecclesiam
599 4344 817 4419 catholicam,
839 4364 912 4424 quse
931 4363 991 4425 per
1009 4366 1066 4412 or-
1119 4351 1297 4422 Abraham,
1325 4350 1434 4414 Isaac,
1462 4344 1495 4406 et
1518 4340 1620 4406 Jaooh
1643 4342 1678 4404 et
1707 4337 1791 4401 tilios
1812 4343 1892 4394 suos.

269 4440 344 4505 bem
358 4442 523 4504 terrarum
534 4441 668 4518 copiosa
678 4442 848 4507 fertilitate
858 4445 1063 4510 diffunditur.
1120 4467 1179 4528 per
1193 4463 1275 4527 quos
1291 4444 1451 4508 Dominus
1469 4438 1696 4502 manifestavit
1709 4427 1891 4498 voluntatem

271 4540 355 4610 Quia
378 4542 556 4618 antequam
579 4540 728 4618 Apostoli
750 4543 938 4618 portassent
956 4548 1067 4608 Evan-
1120 4563 1225 4619 suam,
1242 4547 1276 4608 et
1289 4544 1352 4605 hoc
1370 4540 1433 4602 fuit
1448 4553 1551 4617 usque
1566 4535 1607 4598 ad
1622 4539 1750 4613 tempus
1764 4523 1891 4604 Moysis

270 4637 394 4712 getium
418 4654 478 4715 per
502 4639 696 4700 universum
723 4639 853 4714 orbem,
876 4643 975 4704 notus
994 4645 1066 4707 erat
1120 4622 1890 4714 etdicitnrhoratertiaproptertresiilioaNot.

270 4734 396 4796 mnium
415 4736 451 4796 in
465 4739 482 4800 J
487 4736 579 4797 ndaea
589 4739 693 4812 Deus;
711 4737 768 4798 sed
780 4739 877 4800 modo
892 4755 951 4818 per
965 4742 1067 4804 mise-
1120 4741 1285 4812 videlicet,
1300 4740 1387 4811 Sem,
1407 4733 1556 4798 chamot
1574 4731 1704 4808 Japhet.
1716 4731 1802 4792 Hera
1813 4715 1891 4782 sexti

270 4832 449 4894 ricordiam
463 4835 522 4894 Dei
537 4849 597 4910 per
611 4835 805 4897 universum
824 4838 982 4900 mundum
1001 4839 1067 4902 dif-
1120 4840 1202 4903 exiit
1215 4839 1251 4900 in
1271 4835 1433 4912 legalibus
1448 4829 1621 4902 institutis,
1643 4816 1891 4920 1166116169)-

270 4926 379 4989 fusum
395 4931 445 4990 est
468 4945 588 4992 nomen
612 4935 696 5009 ejus,
719 4933 890 5011 sicutipse
912 4936 993 5000 dicit
1006 4954 1066 5016 per
1119 4940 1185 5001 tem
1200 4951 1294 4998 suam
1306 4929 1531 4994 manifestavit
1544 4944 1604 5006 per
1616 4929 1750 5004 Lageam
1764 4932 1832 4998 ‹111ae
1845 4911 1889 4972 ‘¹¹'

269 5027 470 5091 Malachiam
485 5027 755 5103 proplietam2Ab
770 5032 945 5095 artasatis
959 5051 1066 5110 usqae
1120 5037 1206 5099 citur
1221 5033 1303 5094 hora
1322 5031 1427 5102 sexta,
1449 5028 1527 5107 quia
1541 5027 1577 5088 in
1598 5029 1685 5103 Lege
1703 5003 1889 5102 promittebat
1969 5025 1970 5034 ¹

268 5129 314 5188 ad
328 5139 487 5186 occasum
504 5139 671 5200 manum
689 5127 741 5188 esi
759 5143 885 5190 comaco
898 5145 1015 5194 meam
1029 5137 1065 5196 io
1121 5137 1207 5196 Deus
1226 5127 1351 5193 Judaeis
1377 5123 1582 5187 solummodo
1602 5122 1735 5186 terrena
1755 5127 1822 5194 quae
1840 5115 1888 5166 ⁸⁰¹

268 5223 425 5301 politium
459 5221 615 5301 (Malach.
647 5238 670 5296 1,
701 5222 765 5302 11).
792 5227 833 5287 Ε)
858 5226 931 5304 ipse
959 5229 1065 5292 Filius
1119 5231 1235 5294 diebus
1257 5223 1445 5287 suntfaeta.
1462 5225 1532 5283 Lex
1552 5219 1642 5282 enim
1661 5220 1732 5280 erat
1752 5213 1847 5274 forma
1863 5198 1889 5260 θῑ

269 5321 328 5384 Dei
360 5319 501 5382 redemit
533 5337 593 5381 nos
616 5321 766 5399 pretiose
799 5325 962 5400 sanguine
990 5343 1064 5399 suo,
1119 5326 1309 5391 constitutio
1338 5322 1371 5384 et
1393 5320 1558 5382 ordinatio
1582 5317 1727 5388 vivendi,
1752 5309 1823 5390 qllia
1844 5301 1888 5361 ¹⁰¹

268 5418 354 5482 sicut
373 5417 513 5493 legimus
537 5417 571 5476 in
586 5419 785 5496 Apocalypsi
806 5419 853 5500 (v,
870 5421 903 5502 9)
926 5427 1063 5488 altada—
1120 5422 1257 5488 docebat
1268 5420 1346 5499 quid
1355 5419 1475 5489 facere,
1488 5417 1608 5494 etquid
1617 5415 1727 5477 dicere
1736 5395 1885 5474 debebant

267 5519 363 5582 misti
378 5532 451 5588 aas,
471 5518 615 5577 Domina
633 5521 737 5590 Deos,
755 5520 792 5581 to
813 5525 982 5598 saitputne
1006 5525 1064 5587 tuo
1119 5527 1152 5586 et
1169 5522 1218 5584 sio
1234 5517 1326 5590 exiit,
1349 5516 1445 5588 idest,
1469 5513 1693 5576 manifestavit
1710 5498 1886 5573 voluntatem

267 5631 315 5677 aa
329 5616 423 5676 orarii
443 5612 534 5674 tribu
552 5609 586 5673 ei
606 5612 734 5686 littorea.
752 5613 791 5674 nt
809 5613 933 5678 ibidem
949 5615 986 5696 (1,
1002 5618 1062 5698 5):
1119 5635 1213 5684 suam
1230 5631 1289 5696 per
1303 5617 1434 5691 Legem,
1450 5613 1561 5677 etheo
1575 5598 1886 5691 fultusqueadtem·
1969 5615 1970 5682 j

273 5710 471 5782 octavarii
486 5725 547 5774 oce
562 5709 595 5774 et
609 5709 692 5772 tavit
707 5724 769 5774 ime
782 5725 805 5773 a
816 5715 966 5787 peccatis
984 5732 1065 5780 oos-
1119 5733 1201 5804 pora
1217 5713 1391 5780 Samuelis.
