4004 6302
78 373 131 434 777
443 368 488 432 ΙΝ
509 368 639 440 naulo
661 365 1017 442 QUADRAGESIMAE.
1040 368 1358 444 33313333133.
1664 376 1725 435 778

77 545 186 596 mones
207 528 250 594 tn
274 527 474 602 Beelzebub,
498 527 612 594 tenent
632 527 773 608 liguram
798 529 877 594 illo-
930 545 1018 607 eam,
1039 531 1074 594 31
1093 527 1614 612 1331133313113133131(11333.
1630 532 1658 608 1,
1674 531 1721 617 2).

77 645 144 692 rum
170 629 233 706 qui
262 626 353 690 bona
378 627 628 699 333333133113
651 629 751 690 mala.
774 626 875 690 Verbi
929 627 1049 703 chari,
1076 629 1179 702 idest,
1207 630 1308 692 amici
1338 630 1459 692 animae
1481 629 1626 692 hominis
1647 635 1725 694 sunt

76 726 189 804 333113,
216 725 384 788 31311331
405 725 572 788 hominem
590 725 803 803 religiosum,
823 727 877 789 di-
929 725 1016 789 beati
1039 727 1169 804 angeli,
1192 728 1334 807 quinon
1353 728 1570 790 consolantur
1592 745 1666 790 eam
1688 729 1724 790 in

76 825 150 886 eunt
172 839 252 886 esse
275 823 504 902 hypocritam
530 822 559 884 31
577 823 691 886 311331
707 824 875 887 hominem
929 825 1035 886 morte
1049 841 1120 900 sua,
1137 825 1214 903 quia
1228 825 1264 887 in
1278 825 1342 888 hoc
1358 826 1480 889 mundo
1498 842 1564 888 non
1581 827 1724 890 331131-

73 922 297 1000 jejunantem,
313 920 426 984 113331
450 937 524 984 esse
542 935 680 984 avarum
705 921 740 985 et
762 922 811 984 sic
835 922 875 984 de
928 939 1007 986 3333
1021 925 1122 996 33313,
1145 925 1178 986 31
1199 924 1368 1001 religiose.
1395 926 1480 986 Nam
1502 924 1536 985 in
1558 925 1622 986 hac
1643 941 1725 1002 pree

75 1019 213 1082 3313313.
929 1021 1041 1098 phetia
1059 1021 1188 1100 plangit
1210 1022 1384 1096 ieremias,
1404 1021 1586 1084 secundum
1610 1022 1723 1085 histo-

929 1119 1025 1192 riam,
1041 1119 1299 1182 destructionem
1319 1121 1516 1191 Jerusalem,
1540 1119 1724 1183 secundum

420 1215 533 1304 XVII
929 1216 1124 1295 allegoriam
1139 1217 1396 1281 destructionem
1415 1219 1583 1292 Ecclesia,
1608 1220 1640 1282 et
1668 1234 1724 1280 33-

929 1315 1072 1378 cundum
1086 1316 1309 1378 moralitatem
1318 1315 1576 1379 destructionem
1589 1317 1721 1390 animm,

140 1447 193 1508 U
224 1447 379 1510 MUU
408 1445 802 1521 Quisnam
928 1413 1724 1588 311111113311333111

328 1621 451 1672 33333
476 1621 627 1680 curura
815 1663 817 1666 .
928 1609 1121 1673 3333313133
1147 1613 1468 1674 comemorantbas
1493 1613 1720 1683 3333133133,

928 1707 1024 1781 idest,
1034 1708 1147 1769 nullus
1158 1723 1202 1770 ex
1211 1707 1722 1784 Angelisvultconsolarieamin

108 1805 272 1880 surgens
289 1806 394 1867 ,13333
411 1805 453 1866 13
465 1819 651 1882 synagoga,
672 1803 820 1866 13133311
837 1806 875 1866 to
928 1807 1034 1868 morte
1056 1821 1128 1867 sua.
1149 1805 1385 1868 0333333131
1404 1805 1614 1879 spreverunt
1632 1821 1722 1868 3333.

75 1903 210 1962 domm
239 1904 406 1964 Stmoms.
433 1905 561 1964 833333
584 1904 702 1964 autem
724 1905 875 1964 Simonis
929 1903 1013 1966 Ficti
1027 1902 1098 1965 3133
1112 1902 1189 1964 13131
1202 1902 1301 1965 amici
1315 1901 1436 1964 animae
1452 1902 1529 1964 3331
1543 1901 1721 1974 daemones,

74 1998 257 2060 1331313133
269 2003 408 2078 magam
421 2001 582 2074 13131133,
607 2000 752 2062 3131333
768 2015 875 2075 super
929 2001 985 2080 qui
1000 2001 1041 2064 ad
1056 2001 1119 2063 hoc
1139 2001 1282 2078 diligunt
1294 2017 1379 2074 eam,
1396 2001 1433 2062 ut
1445 1999 1590 2061 habeant
1601 1999 1637 2061 in
1651 2000 1723 2062 tor-

75 2097 181 2169 unm,
210 2098 405 2174 ampemeet
430 2100 530 2173 13131,
561 2100 596 2162 31
621 2100 754 2162 dimisit
780 2101 875 2161 ittam
928 2100 1049 2162 mentis
1072 2099 1207 2163 sociam.
1240 2099 1280 2163 nt
1308 2098 1721 2176 133133333333313333,

75 2190 223 2272 (13313,
240 2193 311 2274 32).
929 2199 1007 2278 quia
1021 2197 1248 2276 improperant
1262 2197 1294 2258 ei
1308 2196 1397 2258 mala
1409 2212 1483 2274 quae
1495 2194 1584 2257 13311.
1605 2193 1725 2256 Ε1133·

109 2293 183 2354 Non
206 2292 320 2354 solum
343 2306 475 2354 socrum
502 2293 646 2355 Simonis
671 2293 873 2358 Dominusa
928 2296 1006 2360 runt
1032 2299 1065 2359 31
1090 2299 1242 2368 13133131,
1270 2295 1349 2373 quia
1374 2293 1529 2370 affligunt
1551 2309 1625 2354 eam
1652 2293 1725 2355 tor-

76 2387 219 2452 tebribus
239 2391 388 2461 3333311,
410 2390 466 2452 331
484 2394 518 2452 31
543 2392 663 2454 multos
676 2391 760 2456 alios
780 2409 799 2454 a
822 2392 875 2453 11-
928 2395 1047 2456 mentis
1064 2394 1189 2466 multis,
1209 2409 1307 2472 quam
1332 2391 1499 2454 delectare
1513 2391 1664 2454 13333331
1686 2391 1723 2452 13

76 2488 176 2549 versis
201 2489 238 2549 et
254 2488 360 2550 variis
371 2488 587 2566 languoribus
603 2489 767 2553 liberavit.
787 2491 873 2553 Nam
927 2492 1085 2571 peccatis.
1106 2491 1201 2554 Unde
1222 2490 1345 2553 David:
1374 2492 1438 2558 031
1463 2489 1629 2551 tributori
1654 2503 1722 2561 333,

77 2598 174 2646 cecos
188 2585 424 2660 illuminabat,
437 2586 587 2664 leprosos
601 2587 791 2662 mundabat,
809 2589 875 2650 dae·
928 2589 1186 2662 333113133131
1206 2589 1321 2652 neotus
1333 2589 1500 2662 merom..
1526 2584 1595 2666 (Ps.
1609 2586 1659 2658 12,
1675 2583 1721 2664 5).

78 2697 186 2744 mones
222 2682 270 2745 ab
301 2683 446 2746 obsessis
478 2684 673 2762 corporibus
707 2685 871 2765 eJiciebat.
927 2688 1063 2750 Daemon
1072 2686 1325 2749 vexatanimam
1335 2682 1579 2757 damnabiliter,
1591 2679 1723 2761 quando

80 2779 166 2841 Unde
181 2781 275 2842 alias
287 2780 446 2858 scriptum
467 2783 537 2844 est:
557 2783 603 2845 111
621 2787 680 2858 qur
696 2787 874 2846 nemobon-
927 2784 1019 2847 ducit
1035 2799 1110 2847 eam
1134 2798 1194 2862 per
1213 2783 1378 2846 tormenta
1398 2781 1533 2844 interni.
1558 2781 1725 2844 1131313-

80 2875 132 2936 tar
158 2893 182 2938 a
208 2879 395 2963 spiritibus
421 2881 630 2953 1333333113,
658 2882 874 2944 curabantur
927 2881 1725 2957 33131333033333333333133333333333333·

79 2971 166 3050 (Luc.
182 2991 235 3048 vr,
255 2975 319 3056 18).
338 2977 485 3048 Quatuor
506 2977 612 3038 modis
631 2979 794 3040 vexantur
809 2979 873 3040 ho·
927 2981 1120 3043 beedmot
1134 2995 1213 3042 eam
1233 2975 1678 3057 131333333311331111333.
1696 2991 1721 3049 1,

79 3072 211 3136 minesa
230 3073 405 3152 spiritibus
419 3074 609 3148 immundis,
623 3075 789 3150 311311331,
798 3092 875 3138 333-
927 3077 973 3160 3).
996 3079 1230 3141 Persecutores
1260 3076 1381 3139 animae
1400 3075 1477 3138 sunt
1495 3075 1634 3153 spiritus
1657 3075 1724 3136 im-

78 3172 249 3245 poraliter,
263 3170 494 3250 spiritualiter,
508 3171 725 3246 horribiliter,
739 3173 773 3236 31
785 3173 874 3236 dam·
928 3177 1054 3250 mundi,
1082 3177 1138 3255 qui
1164 3175 1408 3255 persequuntur
1433 3175 1580 3236 animam
1606 3173 1642 3234 in
1665 3172 1723 3233 in-

80 3267 246 3332 nabihtar.
286 3271 538 3346 corporaliter,
576 3271 707 3348 quando
742 3272 873 3334 133333
927 3273 1034 3348 terno,
1058 3274 1212 3336 vexando
1226 3289 1300 3335 eam
1317 3271 1460 3334 diversis
1474 3271 1660 3334 tormentis.
1684 3271 1724 3333 ut

79 3367 874 3447 333313ο33331133131331311111133.03131331·
928 3373 993 3449 1331
1016 3370 1308 3449 apprehenderunt
1333 3386 1407 3432 eam
1428 3370 1517 3433 inter
1537 3369 1721 3446 angustias,

81 3477 147 3525 mus
158 3464 195 3528 in
210 3467 407 3544 Evangelio,
427 3465 513 3544 quod
533 3465 662 3528 daemon
677 3467 874 3545 projiciebat
927 3469 1024 3543 idest,
1041 3467 1488 3530 13133311131133331313331.

80 3576 215 3636 puerum
225 3563 391 3641 inignem,
404 3565 482 3627 3113
497 3579 628 3642 aquam.
644 3565 735 3638 Quod
745 3565 874 3628 113133-
967 3566 1122 3642 Legimus
1137 3565 1173 3627 in
1194 3564 1345 3644 physica,
1363 3565 1448 3642 quod
1466 3579 1587 3641 corpus
1602 3562 1725 3624 huma-

82 3659 143 3720 tum
157 3662 193 3724 in
207 3662 352 3724 33311313
364 3662 542 3725 credimus.
555 3664 679 3726 Tamen
692 3663 873 3725 secundum
927 3680 1007 3732 num
1021 3679 1064 3725 ex
1074 3664 1215 3742 quatuor
1225 3662 1398 3724 elementis
1410 3660 1639 3739 principaliter
1649 3675 1725 3722 con·

83 3757 567 3836 spiritualemintelligentium,
584 3760 766 3840 perignem
785 3761 874 3823 desi·
929 3762 1034 3839 sistit,
1058 3761 1331 3834 31131133113333,
1353 3775 1451 3838 aqua,
1474 3775 1552 3822 aere
1575 3759 1610 3821 et
1633 3759 1722 3836 igne,

82 3857 195 3927 gnatur
212 3857 277 3929 ira,
297 3857 437 3927 invidia,
457 3858 491 3920 et
511 3858 579 3919 alia
600 3875 731 3936 quoquo
752 3859 873 3921 mentis
928 3859 1013 3923 idest
1025 3859 1061 3920 in
1073 3860 1216 3937 quatuor
1229 3858 1424 3920 humoribus
1440 3857 1640 3919 naturaliter
1651 3871 1727 3934 per-

81 3952 154 4014 31113
166 3976 175 4031 ;
189 3969 256 4034 per
267 3971 387 4032 aquam
402 3953 596 4032 designatur
609 3957 744 4018 luxuria
759 3956 792 4018 31
806 3957 874 4020 3113
929 3957 1050 4030 manet,
1073 3957 1240 4030 311311331,
1257 3955 1456 4017 melancolia
1474 3971 1547 4032 quae
1567 3953 1732 4016 similitu-

82 4049 155 4112 31113
182 4053 310 4115 carnis.
341 4054 477 4115 Daemon
503 4053 637 4131 projicit
667 4070 806 4132 puerum
837 4055 873 4116 in
928 4054 1039 4116 dinem
1054 4053 1240 4116 habetcum
1257 4055 1359 4124 terra,
1377 4051 1617 4127 dogmataque
1636 4050 1729 4112 3331-

82 4145 198 4224 iguem,
215 4151 347 4230 quando
368 4150 449 4214 13311
468 4151 637 4213 hominem
661 4167 801 4230 peccare
815 4168 875 4230 per
929 4153 1065 4214 milatur
1078 4151 1356 4229 aquae,sanguine
1367 4149 1424 4226 qui
1448 4147 1561 4209 affinis
1574 4146 1624 4209 est
1638 4147 1721 4220 aeri,

84 4243 172 4322 iram,
187 4249 249 4310 aut
263 4249 439 4312 avaritiam
459 4251 492 4311 et
512 4250 716 4328 hujusmodi.
736 4251 875 4328 Projicit
929 4250 1065 4313 cholera
1083 4265 1157 4327 333
1177 4247 1305 4310 accedit
1326 4246 1368 4308 ad
1389 4247 1512 4322 ignem.
1538 4245 1728 4308 31313133-

84 4341 114 4404 13
134 4361 268 4425 aquam,
294 4346 425 4424 quando
444 4347 524 4410 tacit
536 4347 710 4409 hominem
735 4364 874 4426 peccare
929 4349 1010 4411 dunt
1030 4345 1281 4416 attrectantis,
1307 4360 1389 4421 quos
1409 4341 1519 4420 agitat
1534 4341 1599 4406 ists
1615 4339 1723 4415 labor,

85 4457 138 4516 per
154 4445 337 4517 luxuriam,
360 4435 394 4506 et
407 4443 609 4523 hujusmodi.
626 4449 761 4508 Daemon
775 4447 876 4509 venat
929 4445 1015 4525 quod
1034 4444 1192 4524 quamdiu
1213 4443 1371 4504 humores
1389 4442 1447 4504 isti
1461 4443 1497 4503 13
1517 4458 1577 4504 333
1590 4441 1678 4504 31313
1693 4439 1726 4504 31

85 4535 250 4603 hominem
269 4542 488 4619 spiritualiter
500 4543 631 4619 quando
646 4542 785 4619 instigat
799 4559 874 4604 eum
928 4542 1149 4622 temperantia
1171 4557 1210 4603 ac
1228 4541 1420 4617 integritate
1439 4539 1634 4618 perdurant,
1650 4555 1733 4602 333-

85 4635 121 4696 31
132 4639 266 4702 diversa
276 4639 369 4702 31113.
381 4640 475 4703 11313
485 4639 626 4717 legimus
634 4640 669 4701 in
680 4641 872 4718 Evangelio,
929 4659 990 4720 pus
1005 4641 1186 4702 humanum
1203 4639 1240 4700 in
1260 4637 1730 4715 3331131313133333333333-

86 4737 163 4810 quod
185 4739 328 4799 Satanas
349 4737 502 4800 introivit
521 4738 557 4799 in
585 4738 704 4800 iudam
728 4738 762 4800 et
784 4739 875 4802 misit
929 4740 992 4802 331.
1015 4739 1079 4800 Sed
1100 4754 1144 4800 ex
1163 4737 1375 4814 corruptione
1394 4736 1535 4797 istorum
1548 4734 1725 4802 humorum

21 4883 23 4888 .
87 4831 117 4892 in
136 4851 195 4899 cor
218 4837 309 4913 eJ'us,
330 4837 367 4898 ut
388 4835 536 4899 maderet
560 4838 684 4898 iesum.
715 4837 770 4898 Sic
795 4837 876 4900 13311
930 4837 988 4900 331
1001 4837 1144 4914 aliquus
1160 4850 1286 4907 eorum,
1303 4834 1445 4895 diversae
1460 4833 1658 4910 perveniunt
1672 4832 1728 4894 in-

87 4927 178 4995 13113
198 4933 322 5002 multis,
347 4934 478 5012 quando
499 4933 637 5011 instigat
652 4949 709 4995 eos
724 4935 765 4996 ad
782 4935 876 5012 rapi·
930 4933 1110 4996 firmitates.
1135 4934 1175 4995 nt
1192 4933 1222 4994 31
1246 4931 1320 5010 quis
1337 4930 1439 4993 331131
1458 4931 1522 4993 hoc
1536 4947 1603 4993 non
1615 4930 1727 4994 minus

88 5041 156 5092 nam
169 5033 204 5094 et
220 5047 360 5109 pugnae,
377 5032 418 5094 ad
431 5031 507 5093 lites
520 5031 552 5093 31
566 5030 767 5107 hujusmodi.
783 5035 874 5094 Hor·
930 5033 1061 5096 curiose
1082 5047 1182 5108 quam
1207 5028 1350 5092 sollicite
1375 5029 1409 5090 31
1436 5029 1604 5092 subtiliter
1628 5030 1728 5092 inda-

86 5126 223 5192 ribiliter
236 5130 366 5192 daemon
383 5131 485 5192 verat
496 5129 672 5191 hominem
687 5129 723 5191 in
738 5145 876 5207 egressu
930 5145 1021 5206 gare,
1044 5127 1157 5208 posset
1179 5126 1333 5190 fortassis
1348 5127 1382 5188 31
1396 5127 1432 5188 13
1446 5128 1559 5189 anima
1578 5127 1726 5188 13113331-

88 5227 201 5290 animae
230 5229 270 5291 de
296 5245 445 5306 corpore,
477 5227 556 5306 quia
577 5228 656 5290 tuno
677 5228 807 5291 reducit
833 5229 874 5290 ad
929 5227 1141 5291 tatesvarias
1158 5226 1321 5299 13333133,
1343 5239 1483 5303 quarum
1498 5223 1599 5286 aliam
1616 5225 1736 5302 posset.

88 5327 275 5389 memoriam
289 5329 362 5404 ejus
377 5327 488 5388 omnia
499 5326 634 5404 peccata
649 5342 723 5404 quae
740 5325 829 5400 fecit,
843 5329 876 5389 31
930 5327 1089 5404 31331333
1099 5324 1185 5386 13131
1200 5324 1382 5400 quartanae,
1400 5321 1500 5385 aliam
1514 5321 1728 5396 tertianae,.et

89 5423 160 5488 tunc
183 5425 316 5489 3113133
339 5424 468 5487 daemon
488 5439 561 5486 esse
586 5424 770 5497 horribilis,
798 5425 875 5502 quia
930 5425 1031 5487 aliam
1055 5421 1269 5500 quotidiana,
1291 5420 1324 5483 et
1342 5419 1391 5481 313
1409 5420 1610 5486 in'oaeteris.
1640 5421 1733 5483 Nam¹

88 5525 179 5586 33331
192 5523 338 5586 animam
348 5523 391 5585 ad
401 5522 576 5601 supplicia.
592 5521 685 5586 Unde
694 5523 873 5586 ieremias:
931 5522 1016 5584 sicut
1028 5536 1148 5597 corpus
1164 5518 1316 5582 consistit
1328 5533 1370 5582 ex
1384 5519 1527 5597 quatuor
1540 5517 1726 5591 elementis,

89 5622 159 5684 1133
183 5624 235 5686 331
258 5625 317 5698 qut
339 5623 533 5684 consoletur
551 5636 629 5684 eam
647 5636 694 5684 33·
721 5625 876 5684 omnibus
931 5619 1013 5682 3113
1033 5618 1175 5696 quatuor
1198 5615 1404 5689 humoribus,
1431 5616 1476 5678 113
1501 5616 1534 5677 31
1556 5617 1625 5678 tres
1649 5617 1729 5678 sunt

90 5724 174 5784 33313
194 5723 280 5797 ejus.
307 5723 431 5786 033333
447 5721 551 5784 333131
574 5722 650 5792 rjais
668 5720 876 5794 spreverant
933 5716 1102 5782 naturales
1121 5715 1212 5780 31333
1225 5717 1282 5779 331
1294 5715 1450 5794 potentiae
1465 5714 1586 5778 animae
1602 5713 1636 5776 in
1651 5715 1730 5794 qui.-
