4004 6302
289 318 351 378 775
755 317 932 380 HONORII
954 319 999 380 111
1021 319 1171 381 OPERA.
1188 347 1225 362 -
1242 317 1476 382 SERMOIOES.
1878 321 1933 389 tte

289 479 427 552 aptatos,
439 474 518 554 qula
532 473 692 538 animalia
706 475 858 555 illa,quee
873 493 971 540 senas
983 477 1088 541 babe-
1143 478 1371 558 poenitentlam
1395 477 1639 556 compnngitur
1658 479 1821 556 peccator.
1847 484 1934 547 tlem-

290 574 371 636 bant
385 574 577 652 alas,plena
601 573 697 636 erant
720 574 827 636 oculis
848 576 926 638 ante
939 576 972 638 et
984 579 1085 638 retro.
1143 576 1245 654 pungi
1264 578 1352 639 enirn
1370 592 1436 639 non
1451 577 1574 654 potest,
1597 578 1756 639 manente
1773 578 1807 644 iu
1830 583 1932 644 eodem

289 673 376 735 Nam
389 673 496 734 omnis
511 672 700 750 corruptela
725 673 761 734 in
776 674 1086 752 populoprincipa-
1142 675 1325 749 daemonio,
1357 677 1445 738 idest
1471 675 1651 738 voluntate
1685 679 1862 753 peccandi,
1885 683 1932 744 vel

289 770 1086 849 literproceditasacerdotibus,quiasisaoerdos
1141 777 1244 835 Deum
1271 773 1514 835 contemnendi.
1545 772 1596 836 at
1621 774 1805 836 mirantur
1824 777 1931 850 turbo,

289 870 345 948 qui
367 871 416 932 est
429 870 547 931 unctus
565 869 765 947 peccaverit,
789 868 869 932 lacit
889 869 1086 948 delinquere
1141 873 1219 950 quia
1230 871 1343 933 fideles
1356 871 1501 949 gaudent
1512 872 1555 932 de
1571 871 1788 948 peccatorum
1802 889 1931 936 conter-

288 967 456 1046 populum.
477 967 653 1030 Peccatum
678 967 861 1030 sacerdotis
878 969 936 1030 aut
952 969 1083 1045 praelati
1141 971 1246 1038 sione,
1258 969 1345 1031 unde
1360 971 1395 1031 in
1411 969 1616 1046 Evangelio:
1634 972 1807 1032 Gaudium
1819 973 1933 1034 estan-

289 1065 347 1126 alii
373 1065 579 1139 damnosum,
595 1065 652 1127 sed
668 1064 731 1126 sibi
744 1065 971 1143 periculosum
989 1067 1084 1128 exis-
1139 1071 1411 1144 pcttslietauper
1427 1083 1496 1130 uno
1503 1067 1696 1142 peccatore
1704 1068 1932 1140 penitentiam

287 1163 338 1226 tit.
356 1163 461 1237 Certe,
485 1163 563 1224 dum
585 1162 663 1225 laici
687 1163 802 1225 vident
823 1163 1085 1226 sacerdotesseu
1140 1166 1275 1240 agente,
1288 1180 1392 1239 quom
1402 1181 1511 1240 super
1521 1153 1722 1241 acceptato
1735 1171 1932 1238 nocentio-

287 1261 444 1339 praelatos
458 1261 602 1338 turpiter
624 1261 658 1324 et
678 1261 861 1324 enormiter
872 1262 1082 1336 excedentes,
1141 1263 1197 1334 tts,
1210 1259 1930 1344 qutaoctcdipcctpoecttentictbucxv,7).

287 1359 353 1437 ipsi
374 1364 489 1420 eorum
510 1359 663 1437 exemplo
687 1359 729 1421 ad
746 1359 939 1438 iniquitates
957 1360 991 1422 et
1011 1375 1086 1423 sce-
1140 1360 1279 1432 Quidam
1293 1360 1404 1422 autem
1419 1375 1462 1421 ex
1474 1359 1523 1420 eis
1539 1359 1727 1422 dixerunt:
1750 1362 1794 1420 Ia
1806 1364 1933 1423 Beelze-

287 1457 359 1520 lera
379 1456 609 1534 prolabuntur.
625 1459 772 1535 Cumque
793 1457 1085 1536 reprehenduntur
1139 1462 1201 1520 oud
1210 1460 1370 1534 prdectpe
1384 1461 1641 1520 ammoniacam
1665 1457 1761 1530 ejtctt
1775 1460 1931 1520 carmon

286 1554 477 1633 abaliquo,
498 1555 650 1633 protinus
669 1555 831 1618 excusant
849 1561 886 1618 se
909 1556 1082 1618 dicentes:
1139 1553 1222 1636 (Luc
1249 1572 1297 1630 11,
1326 1554 1389 1637 15).
1412 1555 1598 1619 Beelzebub
1624 1555 1863 1633 interpretatur
1884 1558 1931 1616 vir

286 1654 362 1715 Non
381 1653 490 1730 potest
509 1653 599 1714 iilius
619 1651 730 1716 lacere
754 1653 819 1715 nisi
846 1655 933 1731 quod
956 1653 1083 1731 patrem
1138 1654 1263 1716 babens
1278 1669 1421 1727 muscas,
1437 1670 1502 1732 quo
1515 1653 1656 1716 nomine
1673 1653 1765 1714 recte
1780 1653 1927 1729 designa·

285 1751 408 1814 viderit
421 1751 608 1814 facientem.
624 1754 663 1813 ut
675 1751 799 1814 suffieit
812 1752 975 1830 discipulo
990 1752 1026 1814 ut
1040 1752 1084 1814 elt
1131 1752 1194 1815 'tur
1219 1751 1372 1829 princeps
1405 1751 1671 1825 daemoniorum,
1702 1749 1781 1828 quia
1810 1767 1928 1812 muscas

282 1849 374 1912 sicut
411 1851 572 1926 magister
599 1852 684 1928 eJus.
711 1850 884 1928 impletum
921 1851 972 1912 est
996 1850 1081 1912 illud
1137 1849 1303 1929 subjectas
1326 1849 1440 1923 babet,
1468 1848 1567 1923 idest,
1604 1847 1845 1912 daemoniorum
1864 1850 1928 1910 tur·

286 1948 629 2027 propheticum2nrar
643 1949 898 2025 stcetpopatus,
911 1951 1083 2010 siceocer·
1135 1947 1220 2011 mas.

284 2049 346 2110 dos
376 2044 435 2127 (Is.
470 2061 565 2120 xxiv,
593 2044 639 2127 2).
674 2045 760 2118 Quin
786 2047 876 2109 imo:
909 2049 1081 2110 Erubesce
1175 2045 1253 2108 Tria
1277 2045 1357 2108 'sunt
1381 2061 1571 2108 muscarum
1594 2060 1734 2124 genera,
1765 2060 1836 2123 quae
1863 2061 1928 2104 mc·

283 2148 400 2219 Stctoa,
417 2145 578 2207 ottocaro
592 2141 649 2224 (is.
666 2141 765 2217 xx111,
777 2141 823 2224 4).
908 2189 911 2194 .
1134 2145 1259 2208 mentm
1284 2144 1508 2207 exterminant
1531 2144 1737 2208 suavitatem
1757 2141 1925 2218 unguenti,

322 2242 409 2304 Hinc
435 2241 547 2303 omnin
571 2241 659 2303 mala
682 2241 881 2320 proveniunt
899 2241 935 2302 in
958 2241 1079 2320 populo
1134 2243 1263 2305 scilieet
1284 2243 1427 2316 vanitas,
1448 2241 1641 2314 curiositas,
1671 2241 1834 2318 voluptas.
1855 2241 1924 2311 Qua

283 2339 480 2403 christiano.
498 2339 591 2402 Perit
607 2339 700 2410 tides,
725 2339 846 2416 religio
863 2339 1077 2413 deformatur,
1134 2341 1212 2419 quia
1233 2340 1268 2401 in
1281 2341 1437 2419 AEgypto
1461 2341 1495 2402 et
1513 2341 1605 2402 circa
1625 2338 1856 2416 AEgyptiorum
1872 2352 1924 2396 sa-

282 2435 420 2502 libertas
449 2436 673 2511 contunditur,
693 2437 826 2516 justitia
852 2439 1076 2512 conculcatur,
1133 2439 1260 2501 criilcm
1303 2438 1533 2512 abundabant,
1567 2453 1638 2499 non
1681 2450 1854 2514 possumus
1890 2433 1921 2493 in

281 2532 431 2600 baeretici
446 2536 621 2615 pullulant,
637 2535 843 2599 insolescunt
861 2535 1077 2610 schismatici,
1133 2537 1278 2616 AEgypto
1293 2535 1484 2599 sacrificare
1503 2535 1710 2598 sacrificium
1724 2532 1924 2613 justitiaene

261 2717 262 2721 Ἰ
281 2634 400 2713 perfidi
412 2635 564 2707 saeviunt,
576 2636 610 2695 et
620 2633 803 2713 praevalent
814 2634 971 2711 agareni.
986 2638 1080 2697 Tem·
1133 2636 1224 2697 mino
1245 2637 1312 2697 Deo
1330 2635 1456 2708 nostro,
1479 2635 1512 2697 et
1534 2634 1611 2696 ideo
1636 2631 1874 2711 proficiscimur
1890 2628 1920 2688 in

280 2749 342 2811 pus
358 2733 408 2795 est
421 2733 522 2806 enim,
541 2733 628 2794 sicut
642 2731 760 2794 beatus
774 2733 953 2810 Apostolus
969 2733 1026 2806 ait,
1042 2733 1079 2795 ut
1132 2734 1310 2806 desertum,
1336 2732 1432 2806 idest,
1455 2732 1491 2793 in
1515 2730 1732 2793 solitudinem
1752 2727 1857 2791 cordis
1874 2725 1921 2786 via

277 2830 440 2909 judicium
455 2830 626 2908 incipiata
641 2829 738 2892 domo
753 2831 833 2893 Dei:
848 2832 873 2893 0
889 2833 957 2894 rat
967 2834 1079 2894 bomi-
1132 2832 1234 2894 trium
1258 2831 1398 2893 dierum.
1415 2821 1463 2893 De
1485 2831 1593 2908 prima
1618 2830 1675 2892 die
1689 2828 1771 2890 dicit
1793 2839 1920 2904 sponsus

279 2931 385 3000 nissi
394 2929 641 3005 speculatores,
650 2931 1078 3005 tactottosoprapopclum
1132 2946 1278 3008 sponsae:
1298 2932 1381 2992 Veni
1396 2930 1435 2991 tc
1447 2929 1587 2991 tortum
1597 2943 1731 2996 cecam.
1745 2935 1920 2987 sorormec

280 3025 389 3088 tuam.
403 3027 525 3103 vigila,
537 3025 615 3103 quia
630 3026 665 3086 in
679 3026 795 3102 vigilia
809 3023 972 3088 matutina
986 3026 1078 3089 venit
1132 3043 1256 3104 sponso
1264 3025 1412 3108 (cantv,
1421 3024 1465 3107 l),
1473 3027 1568 3096 idest,
1579 3027 1615 3088 in
1621 3023 1823 3104 plantarium
1833 3021 1920 3081 bona·

278 3124 439 3187 Dominus
450 3123 491 3186 ad
502 3123 692 3200 discipulos.
703 3123 826 3199 Vigila,
838 3123 916 3201 quia
927 3123 1076 3200 pastores
1130 3124 1596 3187 rumvirtutum.Diesecunda
1605 3123 1703 3186 audit
1716 3115 1919 3199 sponsaetdi-

279 3221 375 3282 erant
392 3222 428 3282 in
449 3222 586 3297 regione
608 3219 668 3281 illa
696 3219 919 3282 custodientes
942 3220 1076 3297 vigilias
1130 3223 1477 3287 cit21ctroduocttme
1490 3237 1559 3284 rece
1570 3225 1607 3284 tn
1621 3227 1743 3284 cellam
1757 3218 1916 3280 macriora

278 3320 386 3382 noctis
396 3335 497 3396 super
508 3334 643 3395 gregem
654 3333 761 3379 suum.
772 3318 894 3395 Vigila,
907 3319 985 3397 quia
995 3319 1077 3396 vigi·
1130 3318 1238 3402 (Cant.
1252 3337 1289 3394 11,
1306 3318 1352 3401 4),
1368 3320 1465 3393 idest,
1486 3319 1575 3382 inter
1587 3318 1729 3381 delicias
1745 3313 1916 3392 scriptura-

278 3417 393 3480 labant
406 3417 574 3490 mulieres,
598 3417 730 3495 quando
746 3415 901 3479 ridemmt
920 3417 1076 3493 angelum
1130 3437 1215 3481 rum.
1230 3419 1342 3482 Tertia
1363 3418 1434 3480 dies
1445 3418 1496 3480 est
1510 3415 1691 3490 thalamus,
1712 3415 1806 3485 idest,
1822 3407 1918 3488 pleni-

278 3515 319 3577 ad
335 3516 559 3594 sepulchrum.
580 3515 702 3592 Vigila,
712 3514 791 3592 quia
806 3515 835 3576 si
847 3515 950 3578 sciret
962 3517 1077 3593 pater-
1130 3518 1210 3580 tudo
1235 3516 1371 3590 amoris,
1398 3516 1434 3578 in
1456 3531 1520 3594 quo
1540 3531 1577 3576 se
1599 3515 1750 3578 invicem
1774 3506 1917 3572 iruuntur

277 3613 423 3676 familias
448 3630 513 3692 qua
528 3612 612 3676 hora
626 3612 680 3675 fur
690 3611 851 3675 venturus
865 3612 963 3686 esset,
988 3614 1077 3691 vigi-
1130 3631 1271 3694 sponsus
1286 3615 1319 3677 et
1333 3630 1465 3692 sponsa.
1487 3615 1528 3676 Et
1551 3613 1632 3675 nota
1655 3613 1775 3675 contra
1791 3604 1913 3670 vanita-

276 3711 363 3775 laret
381 3712 505 3790 utique,
522 3711 556 3773 et
574 3726 640 3771 non
653 3709 779 3772 sineret
794 3710 922 3788 periodi
941 3711 1074 3773 domum
1128 3712 1195 3774 tem
1219 3713 1379 3776 virtutum
1403 3710 1615 3784 soliditatem,
1639 3709 1757 3773 contra
1782 3699 1914 3768 curiosi·

277 3806 1019 3888 suam.Etlsaias:Gtomcncccsses(ls.nv111,
1029 3807 1072 3889 1).
1128 3809 1230 3872 tatem
1250 3810 1492 3887 scripturarum
1513 3808 1641 3872 variam
1664 3803 1913 3870 delectationen.

276 3907 361 3980 Quia
377 3907 536 3984 praelatus
551 3903 780 3968 debethahere
795 3904 919 3967 bonum
929 3906 1075 3969 testimo-
1129 3909 1245 3971 contra
1280 3907 1484 3985 voluptatem
1514 3906 1634 3968 summi
1668 3907 1762 3968 illius
1790 3893 1913 3964 thalami

268 4003 367 4067 nium
379 4004 424 4066 ‘ab
438 4004 481 4068 iis
492 4003 637 4082 quisunt
649 4003 750 4078 intus,
766 4003 799 4067 et
813 4003 854 4065 ab
871 4003 913 4064 iis
927 4004 982 4082 qui
998 4005 1075 4066 sunt
1128 4021 1286 4070 amorem.
1316 4003 1490 4068 Daemones
1514 4004 1737 4081 designantur
1753 4015 1812 4080 per
1828 4009 1911 4059 mus-

275 4100 369 4164 ioris.
388 4101 472 4175 Quia
494 4101 581 4164 sicut
594 4100 676 4163 diclt
689 4100 929 4178 Evangelium:
951 4104 1075 4164 Stcte·
1128 4121 1196 4179 cas,
1212 4104 1291 4184 quia
1311 4103 1397 4166 sicut
1415 4101 1538 4164 muscae
1555 4102 1632 4164 sunt
1653 4101 1857 4180 importuna.
1871 4090 1911 4150 iit

273 4200 683 4264 ceottaccceetrccorom
696 4201 927 4262 bominibus...
940 4197 1071 4279 (Matth.
1128 4203 1295 4265 daemones
1316 4201 1393 4263 sunt
1415 4200 1527 4262 infesti
1552 4198 1743 4261 hominibus
1770 4200 1911 4274 perverse

274 4316 307 4374 v,
322 4296 386 4379 16).
402 4299 497 4372 Quia,
511 4297 635 4375 quanto
650 4287 774 4374 gradus
788 4297 898 4370 altior,
910 4297 1003 4360 tanto
1015 4312 1074 4360 ca·
1127 4298 1357 4364 tentatione'et
1371 4297 1593 4376 suggestione.
1611 4298 1707 4360 Unde
1724 4288 1909 4370 Gregorius:

274 4413 331 4460 sus
351 4397 496 4475 gravior,
518 4396 552 4458 et
565 4395 619 4458 cui
635 4394 711 4472 plus
726 4393 953 4470 committitur,
967 4395 1009 4457 ab
1033 4411 1072 4458 eo
1126 4417 1145 4463 ι
1160 4399 1281 4462 Nullus
1291 4398 1326 4460 in
1340 4396 1483 4460 bacvita
1493 4396 1660 4475 jnstorum
1673 4395 1774 4465 venit,
1789 4388 1909 4468 quinon

273 4497 349 4576 plus
359 4494 516 4572 exigitur.
533 4495 628 4567 Quia,
640 4491 671 4553 si
686 4488 853 4560 sacerdos,
864 4491 921 4570 qui
931 4492 982 4555 est
995 4494 1074 4554 unc·
1126 4497 1255 4576 antiqui
1274 4497 1380 4560 hostis
1403 4494 1545 4557 insidias
1568 4509 1686 4572 passus
1714 4492 1767 4555 sit.
1789 4505 1807 4550 s
1828 4479 1911 4546 Unde

243 4649 246 4656 .
273 4595 326 4658 tus
350 4592 554 4674 peccaverit,
580 4591 661 4654 lacit
683 4589 877 4667 delinquere
901 4591 1070 4669 populum.
1126 4594 1253 4656 David:
1279 4596 1344 4662 Qui
1368 4591 1534 4653 amoenet
1560 4605 1627 4665 me,
1652 4583 1857 4654 recitarunt,
1881 4577 1910 4637 δῖ’
1982 4601 1983 4612 ’

273 4694 451 4756 Peccatum
461 4689 642 4753 sacerdotis
652 4688 713 4750 alii
723 4689 929 4762 damnosum,
938 4688 995 4750 sed
1007 4687 1072 4752 sibi
1125 4692 1240 4753 motus
1259 4691 1361 4766 mero
1385 4687 1456 4769 (Ρε.
1482 4689 1531 4761 12,
1556 4683 1602 4766 5).
1628 4689 1668 4750 ut
1691 4685 1778 4750 sicut
1798 4685 1908 4745 muso&

272 4789 497 4868 periculosum
512 4786 638 4851 existit.
653 4787 693 4849 ut
712 4786 742 4847 si
755 4786 914 4863 praelatus
935 4802 1074 4849 errave-
1125 4787 1263 4851 ueniunt
1277 4787 1309 4849 et
1329 4785 1500 4858 recedunt,
1520 4785 1568 4847 ita
1594 4785 1761 4848 daemones
1785 4769 1908 4842 veniunt

272 4887 328 4961 rit,
353 4902 374 4947 a
393 4902 458 4964 quo
485 4885 677 4947 erudieturt
698 4883 792 4947 Unde
815 4884 1072 4948 emendabiturt
1126 4886 1167 4948 ad
1182 4885 1350 4948 bominem
1373 4883 1542 4957 tentando,
1558 4883 1592 4945 et
1605 4882 1765 4946 recedunt
1780 4877 1819 4942 ad
1835 4875 1909 4936 tem·
1973 4873 1975 4878 ’

273 4981 418 5047 Anullo.
435 4981 570 5044 Praelati
585 4980 706 5043 debent
717 4995 791 5042 esse
805 4981 1004 5045 mediatores
1017 4983 1072 5045 in·
1125 4998 1198 5061 pus,
1217 4996 1238 5044 a
1258 4979 1440 5043 tentatione
1459 4978 1637 5050 cessando,
1662 4979 1698 5040 ut
1721 4979 1796 5039 dum
1818 4971 1905 5032 homo

272 5083 324 5144 ter
333 5082 437 5142 Deum
450 5079 483 5141 et
494 5077 657 5138 homines.
669 5076 840 5153 Ideotales
848 5077 968 5142 debent
981 5095 1068 5156 esse,
1125 5093 1263 5143 securus
1282 5076 1442 5149 redditur,
1462 5075 1595 5140 facilius
1611 5075 1762 5138 laedatur.
1779 5067 1864 5134 Unde
1877 5061 1906 5122 iu

273 5179 310 5242 ut
323 5178 390 5240 sint
401 5175 489 5255 grati
502 5179 569 5238 Deo
583 5175 617 5236 et
628 5173 756 5252 accepti
768 5172 975 5238 hominibus.
1124 5175 1305 5253 Evangelio
1319 5173 1451 5247 dicitur,
1469 5172 1554 5252 quod
1577 5172 1728 5236 diabolus
1751 5161 1904 5234 recessita

274 5309 279 5320 ·
313 5275 359 5340 nt
370 5290 449 5338 cum
462 5273 619 5348 eiecisset
636 5275 857 5345 demonium,
869 5273 1001 5336 locutus
1018 5278 1072 5338 eat
1125 5275 1255 5337 christo
1270 5273 1345 5351 post
1361 5271 1577 5334 tentationem
1593 5286 1697 5348 usque
1721 5270 1762 5332 ad
1780 5267 1903 5338 ompu-

272 5375 401 5447 mutus‚
418 5373 452 5436 ct
465 5371 651 5434 admiratae
667 5371 749 5433 sunt
772 5371 892 5433 turbae.
918 5371 1070 5443 Quotidie
1125 5372 1219 5436 Sicut
1242 5371 1352 5433 autem
1374 5368 1452 5431 sunt
1470 5368 1637 5448 principes
1660 5369 1696 5430 in
1718 5357 1902 5430 nominihus,

273 5471 433 5538 Dominus
448 5468 541 5551 ejicit
552 5467 728 5542 doemonia,
740 5467 819 5547 quia
833 5467 980 5546 quotidie
991 5485 1071 5550 peo-
1110 5471 1171 5534 *ita
1192 5468 1293 5533 etiam
1317 5467 1447 5530 suntin
1471 5465 1688 5539 damonibus,
1713 5464 1768 5545 qui
1787 5449 1904 5522 mittunt

274 5572 404 5635 catores
416 5565 581 5632 convertit
594 5565 635 5628 ad
661 5563 889 5643 poenitentiam
910 5579 970 5628 seu
991 5583 1070 5646 gra-
1124 5570 1292 5631 daemones
1316 5563 1465 5630 subditos
1490 5563 1525 5627 in
1555 5563 1727 5627 lesionem
1757 5556 1900 5624 nostram·
1982 5591 1983 5654 ,

274 5669 367 5734 tiam
382 5669 473 5731 Tunc
484 5664 572 5730 enim
586 5661 732 5744 loquitur
746 5657 868 5740 mutus,
880 5664 1012 5744 quando
1028 5667 1069 5730 ad
1125 5666 1176 5733 llll
1192 5665 1249 5748 qui
1263 5657 1418 5729 dicebant
1431 5661 1518 5745 quod
1535 5661 1693 5726 Dominus
1703 5655 1833 5741 ejiceret
1845 5649 1904 5712 dae·
