<?xml version="1.0" encoding="UTF-8"?>
<!DOCTYPE html PUBLIC "-//W3C//DTD XHTML 1.0 Transitional//EN"
    "http://www.w3.org/TR/xhtml1/DTD/xhtml1-transitional.dtd">
<html xmlns="http://www.w3.org/1999/xhtml" xml:lang="en" lang="en">
 <head>
  <title>
</title>
<meta http-equiv="Content-Type" content="text/html;charset=utf-8" />
  <meta name='ocr-system' content='tesseract 3.04.00' />
  <meta name='ocr-capabilities' content='ocr_page ocr_carea ocr_par ocr_line ocrx_word'/>
</head>
<body>
  <div class='ocr_page' id='page_1' title='image "./mediiaevibiblio03unkngoog_0467.png"; bbox 0 0 4122 6308; ppageno 0'>
   <div class='ocr_carea' id='block_1_1' title="bbox 299 309 1968 390">
    <p class='ocr_par' dir='ltr' id='par_1_1' title="bbox 299 309 1968 390">
     <span class='ocr_line' id='line_1_1' title="bbox 299 309 1968 390; baseline 0.001 -2"><span class='ocrx_word' id='word_1_1' title='bbox 299 326 359 388; x_wconf 77' lang='lat' dir='ltr'>ssi</span> <span class='ocrx_word' id='word_1_2' title='bbox 766 325 942 390; x_wconf 83' lang='lat' dir='ltr'>nononn</span> <span class='ocrx_word' id='word_1_3' title='bbox 964 309 1009 390; x_wconf 89' lang='lat' dir='ltr'>m</span> <span class='ocrx_word' id='word_1_4' title='bbox 1031 325 1180 388; x_wconf 80' lang='lat' dir='ltr'>ornan.</span> <span class='ocrx_word' id='word_1_5' title='bbox 1193 325 1477 388; x_wconf 82' lang='lat' dir='ltr'>-snnuonns</span> <span class='ocrx_word' id='word_1_6' title='bbox 1910 323 1968 390; x_wconf 74' lang='lat' dir='ltr'>aaa</span> 
     </span>
    </p>
   </div>
   <div class='ocr_carea' id='block_1_2' title="bbox 219 477 2018 5649">
    <p class='ocr_par' dir='ltr' id='par_1_2' title="bbox 219 477 2018 5649">
     <span class='ocr_line' id='line_1_2' title="bbox 298 477 1967 566; baseline 0.001 -18"><span class='ocrx_word' id='word_1_7' title='bbox 298 486 357 559; x_wconf 92' lang='lat' dir='ltr'>vit,</span> <span class='ocrx_word' id='word_1_8' title='bbox 383 480 523 563; x_wconf 79' lang='lat' dir='ltr'>perfecit</span> <span class='ocrx_word' id='word_1_9' title='bbox 549 477 785 560; x_wconf 78' lang='lat' dir='ltr'><strong>obedientiam,</strong></span> <span class='ocrx_word' id='word_1_10' title='bbox 812 487 962 566; x_wconf 89' lang='lat' dir='ltr'>implevit</span> <span class='ocrx_word' id='word_1_11' title='bbox 987 487 1099 550; x_wconf 87' lang='lat' dir='ltr'>chari·</span> <span class='ocrx_word' id='word_1_12' title='bbox 1156 485 1353 550; x_wconf 86' lang='lat' dir='ltr'>immortalis</span> <span class='ocrx_word' id='word_1_13' title='bbox 1368 487 1401 550; x_wconf 89' lang='lat' dir='ltr'>et</span> <span class='ocrx_word' id='word_1_14' title='bbox 1415 484 1641 564; x_wconf 87' lang='lat' dir='ltr'>impassibilis,</span> <span class='ocrx_word' id='word_1_15' title='bbox 1657 483 1780 548; x_wconf 88' lang='lat' dir='ltr'>lucida</span> <span class='ocrx_word' id='word_1_16' title='bbox 1798 485 1832 547; x_wconf 89' lang='lat' dir='ltr'>et</span> <span class='ocrx_word' id='word_1_17' title='bbox 1847 485 1967 564; x_wconf 85' lang='lat' dir='ltr'>agilisi</span> 
     </span>
     <span class='ocr_line' id='line_1_3' title="bbox 298 584 1967 662; baseline 0 -16"><span class='ocrx_word' id='word_1_18' title='bbox 298 584 412 646; x_wconf 88' lang='lat' dir='ltr'>tatem.</span> <span class='ocrx_word' id='word_1_19' title='bbox 1152 585 1254 648; x_wconf 78' lang='lat' dir='ltr'>Facta</span> <span class='ocrx_word' id='word_1_20' title='bbox 1267 585 1390 658; x_wconf 89' lang='lat' dir='ltr'>lucida,</span> <span class='ocrx_word' id='word_1_21' title='bbox 1405 585 1483 662; x_wconf 88' lang='lat' dir='ltr'>quia</span> <span class='ocrx_word' id='word_1_22' title='bbox 1498 584 1656 662; x_wconf 87' lang='lat' dir='ltr'>scriptum</span> <span class='ocrx_word' id='word_1_23' title='bbox 1671 584 1728 648; x_wconf 91' lang='lat' dir='ltr'>est</span> <span class='ocrx_word' id='word_1_24' title='bbox 1743 605 1752 644; x_wconf 73' lang='lat' dir='ltr'>a</span> <span class='ocrx_word' id='word_1_25' title='bbox 1769 588 1967 661; x_wconf 76' lang='lat' dir='ltr'>Futpeount</span> 
     </span>
     <span class='ocr_line' id='line_1_4' title="bbox 341 681 1966 759; baseline 0.002 -17"><span class='ocrx_word' id='word_1_26' title='bbox 341 681 570 744; x_wconf 78' lang='lat' dir='ltr'>Humilitatem</span> <span class='ocrx_word' id='word_1_27' title='bbox 599 681 856 754; x_wconf 90' lang='lat' dir='ltr'>commendavit,</span> <span class='ocrx_word' id='word_1_28' title='bbox 887 682 920 744; x_wconf 94' lang='lat' dir='ltr'>et</span> <span class='ocrx_word' id='word_1_29' title='bbox 947 681 1098 745; x_wconf 85' lang='lat' dir='ltr'>exhibuit</span> <span class='ocrx_word' id='word_1_30' title='bbox 1144 685 1235 756; x_wconf 78' lang='lat' dir='ltr'>justi</span> <span class='ocrx_word' id='word_1_31' title='bbox 1269 684 1359 746; x_wconf 84' lang='lat' dir='ltr'>sicut</span> <span class='ocrx_word' id='word_1_32' title='bbox 1392 689 1442 745; x_wconf 89' lang='lat' dir='ltr'>sot</span> <span class='ocrx_word' id='word_1_33' title='bbox 1471 686 1508 744; x_wconf 87' lang='lat' dir='ltr'>iu</span> <span class='ocrx_word' id='word_1_34' title='bbox 1534 697 1642 759; x_wconf 78' lang='lat' dir='ltr'>raquo</span> <span class='ocrx_word' id='word_1_35' title='bbox 1672 683 1810 744; x_wconf 81' lang='lat' dir='ltr'>Patris</span> <span class='ocrx_word' id='word_1_36' title='bbox 1845 695 1966 745; x_wconf 81' lang='lat' dir='ltr'>eomtm</span> 
     </span>
     <span class='ocr_line' id='line_1_5' title="bbox 219 779 1969 861; baseline 0 -21"><span class='ocrx_word' id='word_1_37' title='bbox 219 797 220 800; x_wconf 44' lang='lat'>¹</span> <span class='ocrx_word' id='word_1_38' title='bbox 301 779 507 856; x_wconf 86' lang='lat' dir='ltr'>patientiam,</span> <span class='ocrx_word' id='word_1_39' title='bbox 524 780 603 858; x_wconf 88' lang='lat' dir='ltr'>quia</span> <span class='ocrx_word' id='word_1_40' title='bbox 618 781 659 841; x_wconf 90' lang='lat' dir='ltr'>ad</span> <span class='ocrx_word' id='word_1_41' title='bbox 674 780 865 842; x_wconf 84' lang='lat' dir='ltr'>Judaeorum</span> <span class='ocrx_word' id='word_1_42' title='bbox 874 779 1097 858; x_wconf 89' lang='lat' dir='ltr'>blasphemias</span> <span class='ocrx_word' id='word_1_43' title='bbox 1153 779 1245 860; x_wconf 87' lang='lat' dir='ltr'>(Sap.</span> <span class='ocrx_word' id='word_1_44' title='bbox 1257 796 1306 853; x_wconf 92' lang='lat'>111,</span> <span class='ocrx_word' id='word_1_45' title='bbox 1323 779 1367 861; x_wconf 83' lang='lat'>7).</span> <span class='ocrx_word' id='word_1_46' title='bbox 1394 781 1511 857; x_wconf 75' lang='lat' dir='ltr'>agilis,</span> <span class='ocrx_word' id='word_1_47' title='bbox 1529 781 1606 857; x_wconf 90' lang='lat' dir='ltr'>qula</span> <span class='ocrx_word' id='word_1_48' title='bbox 1621 781 1727 843; x_wconf 91' lang='lat' dir='ltr'>etiam</span> <span class='ocrx_word' id='word_1_49' title='bbox 1738 780 1969 857; x_wconf 89' lang='lat' dir='ltr'>januisclan-</span> 
     </span>
     <span class='ocr_line' id='line_1_6' title="bbox 302 876 1965 956; baseline 0.002 -20"><span class='ocrx_word' id='word_1_50' title='bbox 302 876 450 946; x_wconf 89' lang='lat' dir='ltr'>humilis,</span> <span class='ocrx_word' id='word_1_51' title='bbox 462 879 503 938; x_wconf 92' lang='lat' dir='ltr'>ad</span> <span class='ocrx_word' id='word_1_52' title='bbox 519 879 659 940; x_wconf 90' lang='lat' dir='ltr'>vulnera</span> <span class='ocrx_word' id='word_1_53' title='bbox 671 878 800 956; x_wconf 89' lang='lat' dir='ltr'>patiens</span> <span class='ocrx_word' id='word_1_54' title='bbox 811 879 1003 956; x_wconf 82' lang='lat' dir='ltr'>permansit,</span> <span class='ocrx_word' id='word_1_55' title='bbox 1022 895 1096 940; x_wconf 90' lang='lat' dir='ltr'>cum</span> <span class='ocrx_word' id='word_1_56' title='bbox 1152 877 1198 938; x_wconf 88' lang='lat' dir='ltr'>sis</span> <span class='ocrx_word' id='word_1_57' title='bbox 1208 878 1355 940; x_wconf 90' lang='lat' dir='ltr'>intravit.</span> <span class='ocrx_word' id='word_1_58' title='bbox 1373 881 1410 939; x_wconf 93' lang='lat' dir='ltr'>In</span> <span class='ocrx_word' id='word_1_59' title='bbox 1424 880 1620 941; x_wconf 88' lang='lat' dir='ltr'>ascensione</span> <span class='ocrx_word' id='word_1_60' title='bbox 1634 895 1719 940; x_wconf 90' lang='lat' dir='ltr'>vero</span> <span class='ocrx_word' id='word_1_61' title='bbox 1734 879 1882 956; x_wconf 88' lang='lat' dir='ltr'>propter</span> <span class='ocrx_word' id='word_1_62' title='bbox 1895 879 1965 941; x_wconf 88' lang='lat' dir='ltr'>tor-</span> 
     </span>
     <span class='ocr_line' id='line_1_7' title="bbox 302 975 1964 1054; baseline 0.002 -20"><span class='ocrx_word' id='word_1_63' title='bbox 302 975 394 1035; x_wconf 89' lang='lat' dir='ltr'>intns</span> <span class='ocrx_word' id='word_1_64' title='bbox 418 975 554 1052; x_wconf 90' lang='lat' dir='ltr'>linguis,</span> <span class='ocrx_word' id='word_1_65' title='bbox 578 976 726 1038; x_wconf 79' lang='lat' dir='ltr'>exterius</span> <span class='ocrx_word' id='word_1_66' title='bbox 751 976 854 1038; x_wconf 87' lang='lat' dir='ltr'>clavis</span> <span class='ocrx_word' id='word_1_67' title='bbox 883 977 1095 1054; x_wconf 82' lang='lat' dir='ltr'>pungeretur.</span> <span class='ocrx_word' id='word_1_68' title='bbox 1152 991 1241 1048; x_wconf 91' lang='lat' dir='ltr'>ram,</span> <span class='ocrx_word' id='word_1_69' title='bbox 1273 977 1369 1048; x_wconf 87' lang='lat' dir='ltr'>idest,</span> <span class='ocrx_word' id='word_1_70' title='bbox 1400 991 1535 1038; x_wconf 87' lang='lat' dir='ltr'>carnem</span> <span class='ocrx_word' id='word_1_71' title='bbox 1569 978 1676 1053; x_wconf 86' lang='lat' dir='ltr'>magis</span> <span class='ocrx_word' id='word_1_72' title='bbox 1706 975 1964 1038; x_wconf 85' lang='lat' dir='ltr'>sublimandam</span> 
     </span>
     <span class='ocr_line' id='line_1_8' title="bbox 302 1064 1965 1152; baseline 0.001 -20"><span class='ocrx_word' id='word_1_73' title='bbox 302 1071 449 1136; x_wconf 76' lang='lat' dir='ltr'>Perfecit</span> <span class='ocrx_word' id='word_1_74' title='bbox 465 1073 698 1145; x_wconf 86' lang='lat' dir='ltr'>obedientiam,</span> <span class='ocrx_word' id='word_1_75' title='bbox 717 1074 794 1152; x_wconf 88' lang='lat' dir='ltr'>quia</span> <span class='ocrx_word' id='word_1_76' title='bbox 818 1074 925 1136; x_wconf 86' lang='lat' dir='ltr'>iactus</span> <span class='ocrx_word' id='word_1_77' title='bbox 939 1074 1096 1136; x_wconf 88' lang='lat' dir='ltr'>obediens</span> <span class='ocrx_word' id='word_1_78' title='bbox 1152 1088 1257 1145; x_wconf 91' lang='lat' dir='ltr'>suam,</span> <span class='ocrx_word' id='word_1_79' title='bbox 1269 1073 1415 1151; x_wconf 90' lang='lat' dir='ltr'>inquam,</span> <span class='ocrx_word' id='word_1_80' title='bbox 1432 1074 1466 1136; x_wconf 90' lang='lat' dir='ltr'>et</span> <span class='ocrx_word' id='word_1_81' title='bbox 1483 1075 1641 1146; x_wconf 90' lang='lat' dir='ltr'>nostram,</span> <span class='ocrx_word' id='word_1_82' title='bbox 1656 1077 1689 1136; x_wconf 91' lang='lat' dir='ltr'>et</span> <span class='ocrx_word' id='word_1_83' title='bbox 1700 1064 1851 1151; x_wconf 88' lang='lat' dir='ltr'>p&#39;ropter</span> <span class='ocrx_word' id='word_1_84' title='bbox 1865 1072 1965 1134; x_wconf 87' lang='lat' dir='ltr'>disci-</span> 
     </span>
     <span class='ocr_line' id='line_1_9' title="bbox 302 1169 1963 1248; baseline 0.001 -18"><span class='ocrx_word' id='word_1_85' title='bbox 302 1184 406 1248; x_wconf 90' lang='lat' dir='ltr'>nsque</span> <span class='ocrx_word' id='word_1_86' title='bbox 433 1171 474 1232; x_wconf 90' lang='lat' dir='ltr'>ad</span> <span class='ocrx_word' id='word_1_87' title='bbox 500 1173 639 1234; x_wconf 90' lang='lat' dir='ltr'>mortem</span> <span class='ocrx_word' id='word_1_88' title='bbox 667 1171 776 1234; x_wconf 86' lang='lat' dir='ltr'>crucis</span> <span class='ocrx_word' id='word_1_89' title='bbox 803 1172 964 1234; x_wconf 86' lang='lat' dir='ltr'>inclinato</span> <span class='ocrx_word' id='word_1_90' title='bbox 990 1173 1097 1248; x_wconf 91' lang='lat' dir='ltr'>capite</span> <span class='ocrx_word' id='word_1_91' title='bbox 1151 1171 1258 1248; x_wconf 89' lang='lat' dir='ltr'>pulos,</span> <span class='ocrx_word' id='word_1_92' title='bbox 1273 1172 1310 1233; x_wconf 92' lang='lat' dir='ltr'>ut</span> <span class='ocrx_word' id='word_1_93' title='bbox 1319 1169 1368 1233; x_wconf 91' lang='lat' dir='ltr'>eis</span> <span class='ocrx_word' id='word_1_94' title='bbox 1381 1172 1584 1234; x_wconf 90' lang='lat' dir='ltr'>Paraclitum</span> <span class='ocrx_word' id='word_1_95' title='bbox 1603 1169 1768 1234; x_wconf 89' lang='lat' dir='ltr'>mitteret.</span> <span class='ocrx_word' id='word_1_96' title='bbox 1786 1171 1963 1232; x_wconf 82' lang='lat' dir='ltr'>Exaltatus</span> 
     </span>
     <span class='ocr_line' id='line_1_10' title="bbox 302 1266 1962 1348; baseline 0.001 -20"><span class='ocrx_word' id='word_1_97' title='bbox 302 1266 611 1346; x_wconf 90' lang='lat' dir='ltr'>tradiditspiritum.</span> <span class='ocrx_word' id='word_1_98' title='bbox 627 1269 779 1348; x_wconf 90' lang='lat' dir='ltr'>implevit</span> <span class='ocrx_word' id='word_1_99' title='bbox 791 1269 998 1343; x_wconf 89' lang='lat' dir='ltr'>charitatem,</span> <span class='ocrx_word' id='word_1_100' title='bbox 1019 1269 1097 1347; x_wconf 88' lang='lat' dir='ltr'>qnia</span> <span class='ocrx_word' id='word_1_101' title='bbox 1152 1269 1202 1330; x_wconf 88' lang='lat' dir='ltr'>est</span> <span class='ocrx_word' id='word_1_102' title='bbox 1232 1285 1253 1330; x_wconf 89' lang='lat' dir='ltr'>a</span> <span class='ocrx_word' id='word_1_103' title='bbox 1280 1269 1430 1331; x_wconf 90' lang='lat' dir='ltr'>terrain</span> <span class='ocrx_word' id='word_1_104' title='bbox 1458 1269 1546 1331; x_wconf 91' lang='lat' dir='ltr'>nube</span> <span class='ocrx_word' id='word_1_105' title='bbox 1582 1269 1794 1338; x_wconf 87' lang='lat' dir='ltr'>ascendens,</span> <span class='ocrx_word' id='word_1_106' title='bbox 1832 1268 1962 1346; x_wconf 90' lang='lat' dir='ltr'>quando</span> 
     </span>
     <span class='ocr_line' id='line_1_11' title="bbox 303 1365 1961 1445; baseline 0 -19"><span class='ocrx_word' id='word_1_107' title='bbox 303 1365 451 1428; x_wconf 87' lang='lat' dir='ltr'>animam</span> <span class='ocrx_word' id='word_1_108' title='bbox 465 1383 559 1428; x_wconf 89' lang='lat' dir='ltr'>suam</span> <span class='ocrx_word' id='word_1_109' title='bbox 571 1383 630 1445; x_wconf 88' lang='lat' dir='ltr'>pro</span> <span class='ocrx_word' id='word_1_110' title='bbox 641 1367 758 1430; x_wconf 89' lang='lat' dir='ltr'>amicis</span> <span class='ocrx_word' id='word_1_111' title='bbox 772 1368 893 1445; x_wconf 88' lang='lat' dir='ltr'>posuit,</span> <span class='ocrx_word' id='word_1_112' title='bbox 907 1368 941 1430; x_wconf 88' lang='lat' dir='ltr'>et</span> <span class='ocrx_word' id='word_1_113' title='bbox 954 1383 1014 1445; x_wconf 93' lang='lat' dir='ltr'>pro</span> <span class='ocrx_word' id='word_1_114' title='bbox 1026 1384 1098 1429; x_wconf 91' lang='lat' dir='ltr'>cru·</span> <span class='ocrx_word' id='word_1_115' title='bbox 1151 1365 1340 1429; x_wconf 89' lang='lat' dir='ltr'>videntibus</span> <span class='ocrx_word' id='word_1_116' title='bbox 1359 1367 1428 1428; x_wconf 89' lang='lat' dir='ltr'>illis</span> <span class='ocrx_word' id='word_1_117' title='bbox 1447 1365 1597 1429; x_wconf 88' lang='lat' dir='ltr'>elevatus</span> <span class='ocrx_word' id='word_1_118' title='bbox 1616 1367 1678 1440; x_wconf 90' lang='lat' dir='ltr'>est,</span> <span class='ocrx_word' id='word_1_119' title='bbox 1692 1367 1730 1430; x_wconf 87' lang='lat' dir='ltr'>et</span> <span class='ocrx_word' id='word_1_120' title='bbox 1746 1366 1860 1428; x_wconf 88' lang='lat' dir='ltr'>nubes</span> <span class='ocrx_word' id='word_1_121' title='bbox 1884 1381 1961 1426; x_wconf 88' lang='lat' dir='ltr'>sus-</span> 
     </span>
     <span class='ocr_line' id='line_1_12' title="bbox 303 1463 1962 1542; baseline -0.001 -18"><span class='ocrx_word' id='word_1_122' title='bbox 303 1463 497 1526; x_wconf 84' lang='lat' dir='ltr'>cillxoribus</span> <span class='ocrx_word' id='word_1_123' title='bbox 526 1466 596 1526; x_wconf 91' lang='lat' dir='ltr'>suis</span> <span class='ocrx_word' id='word_1_124' title='bbox 622 1465 730 1528; x_wconf 90' lang='lat' dir='ltr'>oravit</span> <span class='ocrx_word' id='word_1_125' title='bbox 756 1465 1022 1536; x_wconf 76' lang='lat' dir='ltr'>dioenszPoter,</span> <span class='ocrx_word' id='word_1_126' title='bbox 1046 1469 1099 1526; x_wconf 88' lang='lat' dir='ltr'>dt-</span> <span class='ocrx_word' id='word_1_127' title='bbox 1152 1464 1240 1542; x_wconf 90' lang='lat' dir='ltr'>cepit</span> <span class='ocrx_word' id='word_1_128' title='bbox 1262 1480 1338 1526; x_wconf 91' lang='lat' dir='ltr'>eum</span> <span class='ocrx_word' id='word_1_129' title='bbox 1366 1465 1408 1525; x_wconf 89' lang='lat' dir='ltr'>ab</span> <span class='ocrx_word' id='word_1_130' title='bbox 1434 1463 1541 1526; x_wconf 86' lang='lat' dir='ltr'>oculis</span> <span class='ocrx_word' id='word_1_131' title='bbox 1569 1481 1695 1526; x_wconf 91' lang='lat' dir='ltr'>eorum.</span> <span class='ocrx_word' id='word_1_132' title='bbox 1729 1467 1771 1526; x_wconf 92' lang='lat' dir='ltr'>In</span> <span class='ocrx_word' id='word_1_133' title='bbox 1802 1463 1962 1524; x_wconf 85' lang='lat' dir='ltr'>missione</span> 
     </span>
     <span class='ocr_line' id='line_1_13' title="bbox 302 1559 1959 1642; baseline -0.001 -20"><span class='ocrx_word' id='word_1_134' title='bbox 302 1561 402 1624; x_wconf 84' lang='lat' dir='ltr'>mttte</span> <span class='ocrx_word' id='word_1_135' title='bbox 416 1566 482 1624; x_wconf 82' lang='lat' dir='ltr'>titis</span> <span class='ocrx_word' id='word_1_136' title='bbox 495 1567 576 1638; x_wconf 85' lang='lat' dir='ltr'>quta</span> <span class='ocrx_word' id='word_1_137' title='bbox 590 1564 747 1625; x_wconf 78' lang='lat' dir='ltr'>nesciunt</span> <span class='ocrx_word' id='word_1_138' title='bbox 761 1567 842 1638; x_wconf 84' lang='lat' dir='ltr'>qutd</span> <span class='ocrx_word' id='word_1_139' title='bbox 855 1561 988 1638; x_wconf 75' lang='lat' dir='ltr'>sactum</span> <span class='ocrx_word' id='word_1_140' title='bbox 1003 1559 1096 1642; x_wconf 85' lang='lat' dir='ltr'>(Luc.</span> <span class='ocrx_word' id='word_1_141' title='bbox 1151 1575 1233 1624; x_wconf 93' lang='lat' dir='ltr'>vero</span> <span class='ocrx_word' id='word_1_142' title='bbox 1263 1563 1404 1639; x_wconf 90' lang='lat' dir='ltr'>Spiritus</span> <span class='ocrx_word' id='word_1_143' title='bbox 1426 1563 1539 1624; x_wconf 85' lang='lat' dir='ltr'>Sancti</span> <span class='ocrx_word' id='word_1_144' title='bbox 1560 1561 1764 1639; x_wconf 87' lang='lat' dir='ltr'>magnificus</span> <span class='ocrx_word' id='word_1_145' title='bbox 1790 1561 1959 1639; x_wconf 89' lang='lat' dir='ltr'>apparuit,</span> 
     </span>
     <span class='ocr_line' id='line_1_14' title="bbox 303 1658 1958 1739; baseline -0.001 -20"><span class='ocrx_word' id='word_1_146' title='bbox 303 1673 401 1731; x_wconf 79' lang='lat' dir='ltr'>xxtn,</span> <span class='ocrx_word' id='word_1_147' title='bbox 418 1658 483 1739; x_wconf 84' lang='grc'><strong>34).</strong></span> <span class='ocrx_word' id='word_1_148' title='bbox 496 1661 556 1720; x_wconf 88' lang='lat' dir='ltr'>His</span> <span class='ocrx_word' id='word_1_149' title='bbox 568 1661 855 1738; x_wconf 90' lang='lat' dir='ltr'>nempevirtutum</span> <span class='ocrx_word' id='word_1_150' title='bbox 867 1661 1007 1736; x_wconf 87' lang='lat' dir='ltr'>gemmis</span> <span class='ocrx_word' id='word_1_151' title='bbox 1020 1676 1099 1738; x_wconf 90' lang='lat' dir='ltr'>qua·</span> <span class='ocrx_word' id='word_1_152' title='bbox 1153 1675 1227 1721; x_wconf 91' lang='lat' dir='ltr'>cum</span> <span class='ocrx_word' id='word_1_153' title='bbox 1242 1661 1343 1721; x_wconf 86' lang='lat' dir='ltr'>misso</span> <span class='ocrx_word' id='word_1_154' title='bbox 1360 1659 1486 1738; x_wconf 86' lang='lat' dir='ltr'>Spiritu</span> <span class='ocrx_word' id='word_1_155' title='bbox 1500 1661 1656 1737; x_wconf 90' lang='lat' dir='ltr'>discipuli</span> <span class='ocrx_word' id='word_1_156' title='bbox 1670 1660 1831 1722; x_wconf 90' lang='lat' dir='ltr'>roborati</span> <span class='ocrx_word' id='word_1_157' title='bbox 1848 1673 1958 1736; x_wconf 89' lang='lat' dir='ltr'>coepe-</span> 
     </span>
     <span class='ocr_line' id='line_1_15' title="bbox 303 1756 1957 1835; baseline -0.001 -19"><span class='ocrx_word' id='word_1_158' title='bbox 303 1756 379 1817; x_wconf 88' lang='lat' dir='ltr'>tuor</span> <span class='ocrx_word' id='word_1_159' title='bbox 400 1773 524 1818; x_wconf 87' lang='lat' dir='ltr'>cornua</span> <span class='ocrx_word' id='word_1_160' title='bbox 547 1758 655 1820; x_wconf 88' lang='lat' dir='ltr'>crucis</span> <span class='ocrx_word' id='word_1_161' title='bbox 669 1761 840 1820; x_wconf 91' lang='lat' dir='ltr'>ornantur.</span> <span class='ocrx_word' id='word_1_162' title='bbox 861 1759 901 1820; x_wconf 85' lang='lat' dir='ltr'>nt</span> <span class='ocrx_word' id='word_1_163' title='bbox 917 1758 967 1820; x_wconf 90' lang='lat' dir='ltr'>est</span> <span class='ocrx_word' id='word_1_164' title='bbox 981 1773 1100 1834; x_wconf 90' lang='lat' dir='ltr'>super·</span> <span class='ocrx_word' id='word_1_165' title='bbox 1152 1757 1230 1818; x_wconf 90' lang='lat' dir='ltr'>runt</span> <span class='ocrx_word' id='word_1_166' title='bbox 1244 1757 1335 1835; x_wconf 92' lang='lat' dir='ltr'>loqui</span> <span class='ocrx_word' id='word_1_167' title='bbox 1345 1759 1513 1833; x_wconf 87' lang='lat' dir='ltr'>magnalia</span> <span class='ocrx_word' id='word_1_168' title='bbox 1535 1759 1606 1819; x_wconf 90' lang='lat' dir='ltr'>Dei.</span> <span class='ocrx_word' id='word_1_169' title='bbox 1623 1757 1662 1820; x_wconf 85' lang='lat' dir='ltr'>nt</span> <span class='ocrx_word' id='word_1_170' title='bbox 1676 1758 1744 1820; x_wconf 86' lang='lat' dir='ltr'>hoe</span> <span class='ocrx_word' id='word_1_171' title='bbox 1761 1757 1957 1826; x_wconf 82' lang='lat' dir='ltr'>adtamen,</span> 
     </span>
     <span class='ocr_line' id='line_1_16' title="bbox 304 1853 1959 1929; baseline 0.004 -17"><span class='ocrx_word' id='word_1_172' title='bbox 304 1853 504 1916; x_wconf 88' lang='lat' dir='ltr'>eminentior</span> <span class='ocrx_word' id='word_1_173' title='bbox 523 1856 719 1929; x_wconf 69' lang='lat' dir='ltr'>charitasa</span> <span class='ocrx_word' id='word_1_174' title='bbox 743 1855 868 1917; x_wconf 85' lang='lat' dir='ltr'>dextris</span> <span class='ocrx_word' id='word_1_175' title='bbox 897 1855 1096 1929; x_wconf 90' lang='lat' dir='ltr'>obedientia,</span> <span class='ocrx_word' id='word_1_176' title='bbox 1152 1855 1248 1929; x_wconf 87' lang='lat' dir='ltr'>idest,</span> <span class='ocrx_word' id='word_1_177' title='bbox 1272 1855 1313 1917; x_wconf 91' lang='lat' dir='ltr'>ad</span> <span class='ocrx_word' id='word_1_178' title='bbox 1348 1855 1525 1917; x_wconf 86' lang='lat' dir='ltr'>utilitatem</span> <span class='ocrx_word' id='word_1_179' title='bbox 1555 1857 1716 1929; x_wconf 90' lang='lat' dir='ltr'>nostram,</span> <span class='ocrx_word' id='word_1_180' title='bbox 1747 1856 1869 1917; x_wconf 89' lang='lat' dir='ltr'>nostra</span> <span class='ocrx_word' id='word_1_181' title='bbox 1899 1855 1959 1918; x_wconf 89' lang='lat' dir='ltr'>fuit</span> 
     </span>
     <span class='ocr_line' id='line_1_17' title="bbox 304 1951 1957 2031; baseline 0.001 -21"><span class='ocrx_word' id='word_1_182' title='bbox 304 1951 484 2012; x_wconf 85' lang='lat' dir='ltr'>asinistris</span> <span class='ocrx_word' id='word_1_183' title='bbox 499 1953 670 2030; x_wconf 88' lang='lat' dir='ltr'>patientia,</span> <span class='ocrx_word' id='word_1_184' title='bbox 687 1954 858 2015; x_wconf 89' lang='lat' dir='ltr'>humilitas</span> <span class='ocrx_word' id='word_1_185' title='bbox 872 1953 908 2014; x_wconf 89' lang='lat' dir='ltr'>in</span> <span class='ocrx_word' id='word_1_186' title='bbox 923 1953 1096 2031; x_wconf 86' lang='lat' dir='ltr'>profundo.</span> <span class='ocrx_word' id='word_1_187' title='bbox 1153 1971 1267 2016; x_wconf 91' lang='lat' dir='ltr'>eorum</span> <span class='ocrx_word' id='word_1_188' title='bbox 1301 1953 1527 2023; x_wconf 81' lang='lat' dir='ltr'>confirmatio,</span> <span class='ocrx_word' id='word_1_189' title='bbox 1562 1971 1663 2031; x_wconf 92' lang='lat' dir='ltr'>quum</span> <span class='ocrx_word' id='word_1_190' title='bbox 1705 1969 1830 2015; x_wconf 90' lang='lat' dir='ltr'>eornm</span> <span class='ocrx_word' id='word_1_191' title='bbox 1860 1968 1957 2014; x_wconf 90' lang='lat' dir='ltr'>sonus</span> 
     </span>
     <span class='ocr_line' id='line_1_18' title="bbox 306 2048 1956 2130; baseline 0.001 -21"><span class='ocrx_word' id='word_1_192' title='bbox 306 2048 400 2110; x_wconf 91' lang='lat' dir='ltr'>Unde</span> <span class='ocrx_word' id='word_1_193' title='bbox 417 2050 594 2126; x_wconf 87' lang='lat' dir='ltr'>Apostolus</span> <span class='ocrx_word' id='word_1_194' title='bbox 613 2051 674 2112; x_wconf 89' lang='lat' dir='ltr'>has</span> <span class='ocrx_word' id='word_1_195' title='bbox 693 2051 835 2129; x_wconf 91' lang='lat' dir='ltr'>quatuor</span> <span class='ocrx_word' id='word_1_196' title='bbox 862 2051 973 2129; x_wconf 86' lang='lat' dir='ltr'>partes</span> <span class='ocrx_word' id='word_1_197' title='bbox 990 2051 1099 2112; x_wconf 87' lang='lat' dir='ltr'>crucis</span> <span class='ocrx_word' id='word_1_198' title='bbox 1153 2051 1399 2130; x_wconf 83' lang='lat' dir='ltr'>praedicationis</span> <span class='ocrx_word' id='word_1_199' title='bbox 1428 2051 1469 2112; x_wconf 91' lang='lat' dir='ltr'>ad</span> <span class='ocrx_word' id='word_1_200' title='bbox 1495 2067 1556 2112; x_wconf 89' lang='lat' dir='ltr'>nos</span> <span class='ocrx_word' id='word_1_201' title='bbox 1588 2067 1692 2129; x_wconf 91' lang='lat' dir='ltr'>usque</span> <span class='ocrx_word' id='word_1_202' title='bbox 1719 2052 1891 2128; x_wconf 91' lang='lat' dir='ltr'>pervenit.</span> <span class='ocrx_word' id='word_1_203' title='bbox 1922 2053 1956 2112; x_wconf 94' lang='lat' dir='ltr'>ln</span> 
     </span>
     <span class='ocr_line' id='line_1_19' title="bbox 304 2148 1956 2228; baseline 0.002 -22"><span class='ocrx_word' id='word_1_204' title='bbox 304 2161 474 2223; x_wconf 80' lang='lat' dir='ltr'>exponens</span> <span class='ocrx_word' id='word_1_205' title='bbox 494 2148 560 2208; x_wconf 88' lang='lat' dir='ltr'>ait:</span> <span class='ocrx_word' id='word_1_206' title='bbox 590 2149 630 2209; x_wconf 85' lang='lat' dir='ltr'>nt</span> <span class='ocrx_word' id='word_1_207' title='bbox 652 2152 939 2223; x_wconf 76' lang='lat' dir='ltr'>comprehendere</span> <span class='ocrx_word' id='word_1_208' title='bbox 958 2149 1100 2223; x_wconf 79' lang='lat' dir='ltr'>possitis</span> <span class='ocrx_word' id='word_1_209' title='bbox 1150 2151 1277 2228; x_wconf 87' lang='lat' dir='ltr'>judicio</span> <span class='ocrx_word' id='word_1_210' title='bbox 1292 2150 1403 2211; x_wconf 90' lang='lat' dir='ltr'>autem</span> <span class='ocrx_word' id='word_1_211' title='bbox 1418 2149 1576 2227; x_wconf 84' lang='lat' dir='ltr'>tanquam</span> <span class='ocrx_word' id='word_1_212' title='bbox 1592 2148 1791 2226; x_wconf 88' lang='lat' dir='ltr'>crapulatus</span> <span class='ocrx_word' id='word_1_213' title='bbox 1807 2148 1842 2210; x_wconf 89' lang='lat' dir='ltr'>et</span> <span class='ocrx_word' id='word_1_214' title='bbox 1855 2149 1956 2210; x_wconf 88' lang='lat' dir='ltr'>terri-</span> 
     </span>
     <span class='ocr_line' id='line_1_20' title="bbox 306 2246 1429 2324; baseline 0.004 -20"><span class='ocrx_word' id='word_1_215' title='bbox 306 2257 386 2304; x_wconf 85' lang='lat' dir='ltr'>cum</span> <span class='ocrx_word' id='word_1_216' title='bbox 400 2247 557 2306; x_wconf 85' lang='lat' dir='ltr'>omm&#39;bus</span> <span class='ocrx_word' id='word_1_217' title='bbox 579 2247 719 2319; x_wconf 79' lang='lat' dir='ltr'>sanctis,</span> <span class='ocrx_word' id='word_1_218' title='bbox 749 2261 826 2320; x_wconf 72' lang='lat' dir='ltr'>quet·</span> <span class='ocrx_word' id='word_1_219' title='bbox 848 2247 895 2308; x_wconf 85' lang='lat' dir='ltr'>stt</span> <span class='ocrx_word' id='word_1_220' title='bbox 909 2246 1097 2322; x_wconf 77' lang='lat' dir='ltr'>longitude,</span> <span class='ocrx_word' id='word_1_221' title='bbox 1154 2247 1231 2308; x_wconf 92' lang='lat' dir='ltr'>bilis</span> <span class='ocrx_word' id='word_1_222' title='bbox 1247 2247 1429 2324; x_wconf 88' lang='lat' dir='ltr'>apparebit.</span> 
     </span>
     <span class='ocr_line' id='line_1_21' title="bbox 305 2341 1955 2423; baseline 0.001 -22"><span class='ocrx_word' id='word_1_223' title='bbox 305 2342 460 2415; x_wconf 80' lang='lat' dir='ltr'>latitudo,</span> <span class='ocrx_word' id='word_1_224' title='bbox 489 2343 692 2413; x_wconf 77' lang='lat' dir='ltr'>sublimitas,</span> <span class='ocrx_word' id='word_1_225' title='bbox 712 2344 747 2406; x_wconf 86' lang='lat' dir='ltr'>et</span> <span class='ocrx_word' id='word_1_226' title='bbox 759 2345 976 2418; x_wconf 68' lang='lat' dir='ltr'>prostantium</span> <span class='ocrx_word' id='word_1_227' title='bbox 1000 2341 1097 2423; x_wconf 81' lang='lat' dir='ltr'>(Eph.</span> <span class='ocrx_word' id='word_1_228' title='bbox 1194 2347 1298 2420; x_wconf 85' lang='lat' dir='ltr'>Ergo,</span> <span class='ocrx_word' id='word_1_229' title='bbox 1326 2343 1457 2417; x_wconf 89' lang='lat' dir='ltr'>fratres,</span> <span class='ocrx_word' id='word_1_230' title='bbox 1490 2343 1530 2406; x_wconf 89' lang='lat' dir='ltr'>de</span> <span class='ocrx_word' id='word_1_231' title='bbox 1565 2359 1618 2405; x_wconf 89' lang='lat' dir='ltr'>mo</span> <span class='ocrx_word' id='word_1_232' title='bbox 1645 2343 1767 2417; x_wconf 88' lang='lat' dir='ltr'>fateor,</span> <span class='ocrx_word' id='word_1_233' title='bbox 1795 2342 1955 2404; x_wconf 87' lang='lat' dir='ltr'>mirabilis</span> 
     </span>
     <span class='ocr_line' id='line_1_22' title="bbox 304 2439 1952 2519; baseline -0.001 -19"><span class='ocrx_word' id='word_1_234' title='bbox 304 2452 355 2511; x_wconf 85' lang='lat'>111,</span> <span class='ocrx_word' id='word_1_235' title='bbox 370 2439 433 2519; x_wconf 82' lang='lat'>18).</span> <span class='ocrx_word' id='word_1_236' title='bbox 450 2441 639 2502; x_wconf 88' lang='lat' dir='ltr'>Notandum</span> <span class='ocrx_word' id='word_1_237' title='bbox 650 2439 700 2504; x_wconf 92' lang='lat' dir='ltr'>est</span> <span class='ocrx_word' id='word_1_238' title='bbox 721 2441 807 2518; x_wconf 93' lang='lat' dir='ltr'>quod</span> <span class='ocrx_word' id='word_1_239' title='bbox 824 2440 960 2504; x_wconf 87' lang='lat' dir='ltr'>fuerunt</span> <span class='ocrx_word' id='word_1_240' title='bbox 977 2441 1012 2502; x_wconf 93' lang='lat' dir='ltr'>in</span> <span class='ocrx_word' id='word_1_241' title='bbox 1027 2442 1100 2519; x_wconf 90' lang='lat' dir='ltr'>ipsa</span> <span class='ocrx_word' id='word_1_242' title='bbox 1154 2442 1241 2505; x_wconf 86' lang='lat' dir='ltr'>iacta</span> <span class='ocrx_word' id='word_1_243' title='bbox 1254 2443 1304 2504; x_wconf 88' lang='lat' dir='ltr'>est</span> <span class='ocrx_word' id='word_1_244' title='bbox 1318 2441 1458 2504; x_wconf 90' lang='lat' dir='ltr'>scientia</span> <span class='ocrx_word' id='word_1_245' title='bbox 1472 2441 1535 2504; x_wconf 91' lang='lat' dir='ltr'>ista</span> <span class='ocrx_word' id='word_1_246' title='bbox 1551 2458 1594 2503; x_wconf 81' lang='lat' dir='ltr'>ex</span> <span class='ocrx_word' id='word_1_247' title='bbox 1608 2459 1671 2514; x_wconf 89' lang='lat' dir='ltr'>me,</span> <span class='ocrx_word' id='word_1_248' title='bbox 1689 2440 1882 2504; x_wconf 89' lang='lat' dir='ltr'>confortata</span> <span class='ocrx_word' id='word_1_249' title='bbox 1896 2441 1952 2512; x_wconf 75' lang='lat' dir='ltr'>esi,</span> 
     </span>
     <span class='ocr_line' id='line_1_23' title="bbox 306 2537 1956 2619; baseline 0.001 -23"><span class='ocrx_word' id='word_1_250' title='bbox 306 2551 406 2598; x_wconf 89' lang='lat' dir='ltr'>cruce</span> <span class='ocrx_word' id='word_1_251' title='bbox 428 2537 569 2615; x_wconf 90' lang='lat' dir='ltr'>quatuor</span> <span class='ocrx_word' id='word_1_252' title='bbox 587 2539 699 2614; x_wconf 86' lang='lat' dir='ltr'>ligna:</span> <span class='ocrx_word' id='word_1_253' title='bbox 724 2539 865 2615; x_wconf 83' lang='lat' dir='ltr'>Lignum</span> <span class='ocrx_word' id='word_1_254' title='bbox 889 2539 1047 2612; x_wconf 91' lang='lat' dir='ltr'>erectum,</span> <span class='ocrx_word' id='word_1_255' title='bbox 1068 2538 1102 2600; x_wconf 91' lang='lat' dir='ltr'>et</span> <span class='ocrx_word' id='word_1_256' title='bbox 1155 2557 1217 2602; x_wconf 89' lang='lat' dir='ltr'>neo</span> <span class='ocrx_word' id='word_1_257' title='bbox 1230 2540 1343 2619; x_wconf 91' lang='lat' dir='ltr'>potero</span> <span class='ocrx_word' id='word_1_258' title='bbox 1359 2540 1400 2601; x_wconf 90' lang='lat' dir='ltr'>ad</span> <span class='ocrx_word' id='word_1_259' title='bbox 1416 2555 1501 2601; x_wconf 89' lang='lat' dir='ltr'>eam.</span> <span class='ocrx_word' id='word_1_260' title='bbox 1524 2541 1563 2602; x_wconf 87' lang='lat' dir='ltr'>nt</span> <span class='ocrx_word' id='word_1_261' title='bbox 1587 2540 1713 2602; x_wconf 89' lang='lat' dir='ltr'>utinam</span> <span class='ocrx_word' id='word_1_262' title='bbox 1736 2539 1860 2601; x_wconf 88' lang='lat' dir='ltr'>saltem</span> <span class='ocrx_word' id='word_1_263' title='bbox 1883 2554 1956 2615; x_wconf 90' lang='lat' dir='ltr'>pos-</span> 
     </span>
     <span class='ocr_line' id='line_1_24' title="bbox 309 2631 1951 2715; baseline -0.001 -20"><span class='ocrx_word' id='word_1_264' title='bbox 309 2631 383 2696; x_wconf 90' lang='lat' dir='ltr'>haeo</span> <span class='ocrx_word' id='word_1_265' title='bbox 398 2635 448 2697; x_wconf 87' lang='lat' dir='ltr'>est</span> <span class='ocrx_word' id='word_1_266' title='bbox 462 2635 646 2713; x_wconf 89' lang='lat' dir='ltr'>longitud0;</span> <span class='ocrx_word' id='word_1_267' title='bbox 663 2637 791 2712; x_wconf 90' lang='lat' dir='ltr'>lignum</span> <span class='ocrx_word' id='word_1_268' title='bbox 811 2638 1051 2708; x_wconf 89' lang='lat' dir='ltr'>transversum,</span> <span class='ocrx_word' id='word_1_269' title='bbox 1068 2637 1101 2699; x_wconf 91' lang='lat' dir='ltr'>et</span> <span class='ocrx_word' id='word_1_270' title='bbox 1156 2640 1260 2700; x_wconf 90' lang='lat' dir='ltr'>simus</span> <span class='ocrx_word' id='word_1_271' title='bbox 1275 2637 1639 2715; x_wconf 85' lang='lat' dir='ltr'>comprehenderecnm</span> <span class='ocrx_word' id='word_1_272' title='bbox 1652 2638 1810 2700; x_wconf 91' lang='lat' dir='ltr'>omnibus</span> <span class='ocrx_word' id='word_1_273' title='bbox 1822 2636 1951 2706; x_wconf 89' lang='lat' dir='ltr'>sanctis,</span> 
     </span>
     <span class='ocr_line' id='line_1_25' title="bbox 309 2731 1953 2814; baseline 0 -22"><span class='ocrx_word' id='word_1_274' title='bbox 309 2731 382 2796; x_wconf 85' lang='lat' dir='ltr'>haec</span> <span class='ocrx_word' id='word_1_275' title='bbox 396 2734 447 2796; x_wconf 90' lang='lat' dir='ltr'>est</span> <span class='ocrx_word' id='word_1_276' title='bbox 458 2734 612 2811; x_wconf 83' lang='lat' dir='ltr'>latitud03</span> <span class='ocrx_word' id='word_1_277' title='bbox 626 2735 739 2796; x_wconf 90' lang='lat' dir='ltr'>tabula</span> <span class='ocrx_word' id='word_1_278' title='bbox 754 2736 974 2813; x_wconf 88' lang='lat' dir='ltr'>superposita,</span> <span class='ocrx_word' id='word_1_279' title='bbox 987 2736 1020 2796; x_wconf 91' lang='lat' dir='ltr'>et</span> <span class='ocrx_word' id='word_1_280' title='bbox 1029 2734 1101 2796; x_wconf 84' lang='lat' dir='ltr'>haee</span> <span class='ocrx_word' id='word_1_281' title='bbox 1156 2753 1229 2814; x_wconf 90' lang='lat' dir='ltr'>quae</span> <span class='ocrx_word' id='word_1_282' title='bbox 1258 2737 1301 2798; x_wconf 90' lang='lat' dir='ltr'>sit</span> <span class='ocrx_word' id='word_1_283' title='bbox 1324 2735 1506 2811; x_wconf 86' lang='lat' dir='ltr'>longitudo,</span> <span class='ocrx_word' id='word_1_284' title='bbox 1527 2735 1679 2808; x_wconf 91' lang='lat' dir='ltr'>latitudo,</span> <span class='ocrx_word' id='word_1_285' title='bbox 1701 2735 1904 2804; x_wconf 88' lang='lat' dir='ltr'>sublimitas,</span> <span class='ocrx_word' id='word_1_286' title='bbox 1924 2731 1953 2792; x_wconf 90' lang='lat' dir='ltr'>et</span> 
     </span>
     <span class='ocr_line' id='line_1_26' title="bbox 309 2830 1952 2912; baseline -0.001 -22"><span class='ocrx_word' id='word_1_287' title='bbox 309 2831 361 2892; x_wconf 90' lang='lat' dir='ltr'>est</span> <span class='ocrx_word' id='word_1_288' title='bbox 377 2832 584 2908; x_wconf 85' lang='lat' dir='ltr'>sublimitas3</span> <span class='ocrx_word' id='word_1_289' title='bbox 601 2833 703 2910; x_wconf 88' lang='lat' dir='ltr'>stipes</span> <span class='ocrx_word' id='word_1_290' title='bbox 727 2833 781 2895; x_wconf 91' lang='lat' dir='ltr'>cui</span> <span class='ocrx_word' id='word_1_291' title='bbox 810 2833 913 2894; x_wconf 84' lang='lat' dir='ltr'>infixa</span> <span class='ocrx_word' id='word_1_292' title='bbox 940 2833 1012 2894; x_wconf 90' lang='lat' dir='ltr'>erat</span> <span class='ocrx_word' id='word_1_293' title='bbox 1028 2833 1101 2910; x_wconf 87' lang='lat' dir='ltr'>ipsa</span> <span class='ocrx_word' id='word_1_294' title='bbox 1155 2833 1354 2912; x_wconf 90' lang='lat' dir='ltr'>profundum</span> <span class='ocrx_word' id='word_1_295' title='bbox 1385 2833 1505 2894; x_wconf 90' lang='lat' dir='ltr'>crucis.</span> <span class='ocrx_word' id='word_1_296' title='bbox 1538 2833 1699 2896; x_wconf 80' lang='lat' dir='ltr'>Latitudo</span> <span class='ocrx_word' id='word_1_297' title='bbox 1731 2834 1771 2894; x_wconf 94' lang='lat' dir='ltr'>in</span> <span class='ocrx_word' id='word_1_298' title='bbox 1802 2830 1952 2909; x_wconf 90' lang='lat' dir='ltr'>operibus</span> 
     </span>
     <span class='ocr_line' id='line_1_27' title="bbox 306 2925 1953 3008; baseline -0.001 -20"><span class='ocrx_word' id='word_1_299' title='bbox 306 2929 999 3007; x_wconf 80' lang='lat' dir='ltr'>cru1,etbocestprofundum,perqnod</span> <span class='ocrx_word' id='word_1_300' title='bbox 1023 2945 1099 2990; x_wconf 89' lang='lat' dir='ltr'>ma·</span> <span class='ocrx_word' id='word_1_301' title='bbox 1156 2932 1340 3003; x_wconf 89' lang='lat' dir='ltr'>charitatis,</span> <span class='ocrx_word' id='word_1_302' title='bbox 1369 2933 1464 3008; x_wconf 78' lang='lat' dir='ltr'>ouJus</span> <span class='ocrx_word' id='word_1_303' title='bbox 1492 2930 1683 2992; x_wconf 88' lang='lat' dir='ltr'>mandatum</span> <span class='ocrx_word' id='word_1_304' title='bbox 1707 2931 1815 2993; x_wconf 90' lang='lat' dir='ltr'>latum</span> <span class='ocrx_word' id='word_1_305' title='bbox 1839 2928 1898 3000; x_wconf 88' lang='lat' dir='ltr'>est,</span> <span class='ocrx_word' id='word_1_306' title='bbox 1923 2925 1953 2987; x_wconf 90' lang='lat' dir='ltr'>et</span> 
     </span>
     <span class='ocr_line' id='line_1_28' title="bbox 250 3025 1952 3107; baseline 0 -22"><span class='ocrx_word' id='word_1_307' title='bbox 250 3099 251 3107; x_wconf 8' lang='grc' dir='ltr'>ἵ</span> <span class='ocrx_word' id='word_1_308' title='bbox 305 3025 423 3086; x_wconf 83' lang='lat' dir='ltr'>niteste</span> <span class='ocrx_word' id='word_1_309' title='bbox 451 3026 654 3089; x_wconf 90' lang='lat' dir='ltr'>declaratum</span> <span class='ocrx_word' id='word_1_310' title='bbox 684 3029 746 3096; x_wconf 87' lang='lat' dir='ltr'>est,</span> <span class='ocrx_word' id='word_1_311' title='bbox 781 3027 867 3104; x_wconf 93' lang='lat' dir='ltr'>quod</span> <span class='ocrx_word' id='word_1_312' title='bbox 896 3027 935 3088; x_wconf 90' lang='lat' dir='ltr'>de</span> <span class='ocrx_word' id='word_1_313' title='bbox 960 3026 1101 3105; x_wconf 90' lang='lat' dir='ltr'>quatuor</span> <span class='ocrx_word' id='word_1_314' title='bbox 1157 3029 1346 3091; x_wconf 83' lang='lat' dir='ltr'>extenditur</span> <span class='ocrx_word' id='word_1_315' title='bbox 1369 3043 1474 3105; x_wconf 93' lang='lat' dir='ltr'>nsque</span> <span class='ocrx_word' id='word_1_316' title='bbox 1493 3027 1535 3088; x_wconf 91' lang='lat' dir='ltr'>ad</span> <span class='ocrx_word' id='word_1_317' title='bbox 1549 3028 1719 3100; x_wconf 85' lang='lat' dir='ltr'>inimicos,</span> <span class='ocrx_word' id='word_1_318' title='bbox 1741 3028 1874 3089; x_wconf 87' lang='lat' dir='ltr'>dicente</span> <span class='ocrx_word' id='word_1_319' title='bbox 1892 3025 1952 3086; x_wconf 89' lang='lat' dir='ltr'>Do-</span> 
     </span>
     <span class='ocr_line' id='line_1_29' title="bbox 305 3117 1952 3202; baseline -0.001 -21"><span class='ocrx_word' id='word_1_320' title='bbox 305 3122 421 3182; x_wconf 91' lang='lat' dir='ltr'>mundi</span> <span class='ocrx_word' id='word_1_321' title='bbox 431 3123 579 3200; x_wconf 89' lang='lat' dir='ltr'>partibus</span> <span class='ocrx_word' id='word_1_322' title='bbox 589 3125 788 3186; x_wconf 90' lang='lat' dir='ltr'>vocarentur</span> <span class='ocrx_word' id='word_1_323' title='bbox 798 3124 961 3196; x_wconf 88' lang='lat' dir='ltr'>homines,</span> <span class='ocrx_word' id='word_1_324' title='bbox 977 3124 1009 3185; x_wconf 91' lang='lat' dir='ltr'>et</span> <span class='ocrx_word' id='word_1_325' title='bbox 1024 3140 1103 3202; x_wconf 90' lang='lat' dir='ltr'>qua·</span> <span class='ocrx_word' id='word_1_326' title='bbox 1156 3125 1245 3187; x_wconf 91' lang='lat' dir='ltr'>mino</span> <span class='ocrx_word' id='word_1_327' title='bbox 1261 3147 1268 3187; x_wconf 91' lang='lat'><strong>:</strong></span> <span class='ocrx_word' id='word_1_328' title='bbox 1285 3125 1413 3200; x_wconf 76' lang='lat' dir='ltr'>eatque</span> <span class='ocrx_word' id='word_1_329' title='bbox 1441 3127 1599 3186; x_wconf 86' lang='lat' dir='ltr'>mimicos</span> <span class='ocrx_word' id='word_1_330' title='bbox 1626 3125 1782 3195; x_wconf 83' lang='lat' dir='ltr'>cestros,</span> <span class='ocrx_word' id='word_1_331' title='bbox 1812 3121 1896 3183; x_wconf 88' lang='lat' dir='ltr'>sieut</span> <span class='ocrx_word' id='word_1_332' title='bbox 1922 3117 1952 3180; x_wconf 91' lang='lat' dir='ltr'>et</span> 
     </span>
     <span class='ocr_line' id='line_1_30' title="bbox 305 3219 1949 3300; baseline -0.002 -20"><span class='ocrx_word' id='word_1_333' title='bbox 305 3219 382 3281; x_wconf 91' lang='lat' dir='ltr'>tuor</span> <span class='ocrx_word' id='word_1_334' title='bbox 395 3220 509 3281; x_wconf 90' lang='lat' dir='ltr'>mundi</span> <span class='ocrx_word' id='word_1_335' title='bbox 525 3222 658 3284; x_wconf 89' lang='lat' dir='ltr'>elimata</span> <span class='ocrx_word' id='word_1_336' title='bbox 672 3223 826 3284; x_wconf 91' lang='lat' dir='ltr'>venirent</span> <span class='ocrx_word' id='word_1_337' title='bbox 840 3223 881 3282; x_wconf 90' lang='lat' dir='ltr'>ad</span> <span class='ocrx_word' id='word_1_338' title='bbox 897 3221 1100 3283; x_wconf 87' lang='lat' dir='ltr'>adorandam</span> <span class='ocrx_word' id='word_1_339' title='bbox 1156 3223 1227 3300; x_wconf 90' lang='lat' dir='ltr'>ipse</span> <span class='ocrx_word' id='word_1_340' title='bbox 1243 3222 1393 3284; x_wconf 86' lang='lat' dir='ltr'>Christus</span> <span class='ocrx_word' id='word_1_341' title='bbox 1403 3223 1606 3299; x_wconf 89' lang='lat' dir='ltr'>expansisin</span> <span class='ocrx_word' id='word_1_342' title='bbox 1617 3237 1714 3282; x_wconf 89' lang='lat' dir='ltr'>cruce</span> <span class='ocrx_word' id='word_1_343' title='bbox 1727 3220 1882 3283; x_wconf 90' lang='lat' dir='ltr'>manibus</span> <span class='ocrx_word' id='word_1_344' title='bbox 1895 3231 1949 3294; x_wconf 95' lang='lat' dir='ltr'>pro</span> 
     </span>
     <span class='ocr_line' id='line_1_31' title="bbox 308 3313 1950 3398; baseline -0.003 -20"><span class='ocrx_word' id='word_1_345' title='bbox 308 3332 451 3391; x_wconf 89' lang='lat' dir='ltr'>crucem,</span> <span class='ocrx_word' id='word_1_346' title='bbox 467 3321 563 3398; x_wconf 79' lang='lat' dir='ltr'>juxta</span> <span class='ocrx_word' id='word_1_347' title='bbox 584 3320 670 3398; x_wconf 91' lang='lat' dir='ltr'>quod</span> <span class='ocrx_word' id='word_1_348' title='bbox 689 3320 761 3398; x_wconf 88' lang='lat' dir='ltr'>ipse</span> <span class='ocrx_word' id='word_1_349' title='bbox 778 3320 878 3383; x_wconf 89' lang='lat' dir='ltr'>etiam</span> <span class='ocrx_word' id='word_1_350' title='bbox 898 3321 965 3383; x_wconf 89' lang='lat' dir='ltr'>ait:</span> <span class='ocrx_word' id='word_1_351' title='bbox 991 3323 1103 3387; x_wconf 82' lang='lat' dir='ltr'>Quum</span> <span class='ocrx_word' id='word_1_352' title='bbox 1156 3320 1302 3383; x_wconf 89' lang='lat' dir='ltr'>inimicis</span> <span class='ocrx_word' id='word_1_353' title='bbox 1326 3319 1443 3392; x_wconf 89' lang='lat' dir='ltr'>oravit,</span> <span class='ocrx_word' id='word_1_354' title='bbox 1469 3319 1649 3396; x_wconf 86' lang='lat' dir='ltr'>inquiens:</span> <span class='ocrx_word' id='word_1_355' title='bbox 1674 3320 1798 3392; x_wconf 78' lang='lat' dir='ltr'>Pater,</span> <span class='ocrx_word' id='word_1_356' title='bbox 1823 3313 1950 3379; x_wconf 82' lang='lat' dir='ltr'>dimitte</span> 
     </span>
     <span class='ocr_line' id='line_1_32' title="bbox 308 3415 1946 3496; baseline -0.004 -19"><span class='ocrx_word' id='word_1_357' title='bbox 308 3417 484 3480; x_wconf 64' lang='lat' dir='ltr'>equitatus</span> <span class='ocrx_word' id='word_1_358' title='bbox 497 3421 597 3493; x_wconf 75' lang='lat' dir='ltr'>tuero</span> <span class='ocrx_word' id='word_1_359' title='bbox 612 3435 635 3480; x_wconf 89' lang='grc' dir='ltr'><em>α</em></span> <span class='ocrx_word' id='word_1_360' title='bbox 650 3419 758 3490; x_wconf 83' lang='lat' dir='ltr'>terra,</span> <span class='ocrx_word' id='word_1_361' title='bbox 775 3423 893 3482; x_wconf 84' lang='lat' dir='ltr'>omnic</span> <span class='ocrx_word' id='word_1_362' title='bbox 906 3420 1046 3482; x_wconf 80' lang='lat' dir='ltr'>trabum</span> <span class='ocrx_word' id='word_1_363' title='bbox 1056 3421 1101 3479; x_wconf 77' lang='lat' dir='ltr'>act</span> <span class='ocrx_word' id='word_1_364' title='bbox 1156 3422 1222 3482; x_wconf 80' lang='lat' dir='ltr'>titis</span> <span class='ocrx_word' id='word_1_365' title='bbox 1234 3421 1315 3493; x_wconf 80' lang='lat' dir='ltr'>qum</span> <span class='ocrx_word' id='word_1_366' title='bbox 1327 3418 1484 3480; x_wconf 79' lang='lat' dir='ltr'>nesciunt</span> <span class='ocrx_word' id='word_1_367' title='bbox 1499 3420 1579 3492; x_wconf 86' lang='lat' dir='ltr'>quid</span> <span class='ocrx_word' id='word_1_368' title='bbox 1592 3418 1725 3492; x_wconf 74' lang='lat' dir='ltr'>faciunt</span> <span class='ocrx_word' id='word_1_369' title='bbox 1741 3415 1837 3496; x_wconf 81' lang='lat' dir='ltr'>(Luc.</span> <span class='ocrx_word' id='word_1_370' title='bbox 1857 3427 1946 3484; x_wconf 82' lang='lat' dir='ltr'>xmn,</span> 
     </span>
     <span class='ocr_line' id='line_1_33' title="bbox 307 3509 1947 3596; baseline -0.004 -21"><span class='ocrx_word' id='word_1_371' title='bbox 307 3517 479 3589; x_wconf 81' lang='lat' dir='ltr'>metpmm</span> <span class='ocrx_word' id='word_1_372' title='bbox 490 3513 599 3594; x_wconf 81' lang='lat' dir='ltr'>(toan.</span> <span class='ocrx_word' id='word_1_373' title='bbox 610 3531 671 3588; x_wconf 81' lang='lat' dir='ltr'>xn,</span> <span class='ocrx_word' id='word_1_374' title='bbox 684 3515 749 3596; x_wconf 77' lang='grc'>32).</span> <span class='ocrx_word' id='word_1_375' title='bbox 766 3518 812 3577; x_wconf 88' lang='lat' dir='ltr'>De</span> <span class='ocrx_word' id='word_1_376' title='bbox 823 3515 976 3578; x_wconf 89' lang='lat' dir='ltr'>omnibns</span> <span class='ocrx_word' id='word_1_377' title='bbox 987 3516 1102 3578; x_wconf 92' lang='lat' dir='ltr'>mnndi</span> <span class='ocrx_word' id='word_1_378' title='bbox 1156 3515 1221 3596; x_wconf 83' lang='grc'><strong>34).</strong></span> <span class='ocrx_word' id='word_1_379' title='bbox 1237 3517 1427 3594; x_wconf 78' lang='lat' dir='ltr'>Lonqttudo</span> <span class='ocrx_word' id='word_1_380' title='bbox 1442 3515 1476 3576; x_wconf 93' lang='lat' dir='ltr'>in</span> <span class='ocrx_word' id='word_1_381' title='bbox 1498 3515 1761 3592; x_wconf 86' lang='lat' dir='ltr'>perseverantia,</span> <span class='ocrx_word' id='word_1_382' title='bbox 1786 3509 1947 3575; x_wconf 91' lang='lat' dir='ltr'>nonenim</span> 
     </span>
     <span class='ocr_line' id='line_1_34' title="bbox 306 3610 1947 3691; baseline -0.005 -19"><span class='ocrx_word' id='word_1_383' title='bbox 306 3612 456 3688; x_wconf 86' lang='lat' dir='ltr'>partibus</span> <span class='ocrx_word' id='word_1_384' title='bbox 468 3613 599 3690; x_wconf 88' lang='lat' dir='ltr'>aliquos</span> <span class='ocrx_word' id='word_1_385' title='bbox 610 3613 742 3675; x_wconf 87' lang='lat' dir='ltr'>traham</span> <span class='ocrx_word' id='word_1_386' title='bbox 757 3615 799 3675; x_wconf 88' lang='lat' dir='ltr'>ad</span> <span class='ocrx_word' id='word_1_387' title='bbox 816 3615 990 3690; x_wconf 91' lang='lat' dir='ltr'>meipsum.</span> <span class='ocrx_word' id='word_1_388' title='bbox 1158 3614 1214 3691; x_wconf 93' lang='lat' dir='ltr'>qui</span> <span class='ocrx_word' id='word_1_389' title='bbox 1229 3613 1412 3690; x_wconf 85' lang='lat' dir='ltr'>incoeperit,</span> <span class='ocrx_word' id='word_1_390' title='bbox 1428 3612 1485 3674; x_wconf 89' lang='lat' dir='ltr'>sed</span> <span class='ocrx_word' id='word_1_391' title='bbox 1501 3613 1556 3690; x_wconf 96' lang='lat' dir='ltr'>qui</span> <span class='ocrx_word' id='word_1_392' title='bbox 1574 3610 1841 3689; x_wconf 88' lang='lat' dir='ltr'>perseveraverit</span> <span class='ocrx_word' id='word_1_393' title='bbox 1852 3621 1947 3684; x_wconf 89' lang='lat' dir='ltr'>nsque</span> 
     </span>
     <span class='ocr_line' id='line_1_35' title="bbox 350 3704 1948 3787; baseline -0.003 -19"><span class='ocrx_word' id='word_1_394' title='bbox 350 3710 530 3787; x_wconf 88' lang='lat' dir='ltr'>Quinquies</span> <span class='ocrx_word' id='word_1_395' title='bbox 546 3710 634 3770; x_wconf 90' lang='lat' dir='ltr'>enim</span> <span class='ocrx_word' id='word_1_396' title='bbox 658 3710 799 3785; x_wconf 88' lang='lat' dir='ltr'>legimus</span> <span class='ocrx_word' id='word_1_397' title='bbox 821 3710 1004 3773; x_wconf 88' lang='lat' dir='ltr'>exaltatum</span> <span class='ocrx_word' id='word_1_398' title='bbox 1032 3711 1102 3771; x_wconf 89' lang='lat' dir='ltr'>Do·</span> <span class='ocrx_word' id='word_1_399' title='bbox 1155 3711 1191 3770; x_wconf 90' lang='lat' dir='ltr'>in</span> <span class='ocrx_word' id='word_1_400' title='bbox 1220 3710 1336 3784; x_wconf 85' lang='lat' dir='ltr'>tinem,</span> <span class='ocrx_word' id='word_1_401' title='bbox 1366 3709 1422 3772; x_wconf 91' lang='lat' dir='ltr'>hic</span> <span class='ocrx_word' id='word_1_402' title='bbox 1450 3711 1562 3772; x_wconf 87' lang='lat' dir='ltr'>salvus</span> <span class='ocrx_word' id='word_1_403' title='bbox 1590 3710 1665 3772; x_wconf 88' lang='lat' dir='ltr'>erit.</span> <span class='ocrx_word' id='word_1_404' title='bbox 1702 3710 1798 3772; x_wconf 88' lang='lat' dir='ltr'>Sicut</span> <span class='ocrx_word' id='word_1_405' title='bbox 1825 3704 1948 3782; x_wconf 87' lang='lat' dir='ltr'>etipse</span> 
     </span>
     <span class='ocr_line' id='line_1_36' title="bbox 309 3801 1944 3886; baseline -0.004 -19"><span class='ocrx_word' id='word_1_406' title='bbox 309 3806 436 3867; x_wconf 93' lang='lat' dir='ltr'>minum</span> <span class='ocrx_word' id='word_1_407' title='bbox 471 3810 597 3869; x_wconf 89' lang='lat' dir='ltr'>Jesum.</span> <span class='ocrx_word' id='word_1_408' title='bbox 629 3807 707 3869; x_wconf 85' lang='lat' dir='ltr'>Fuit</span> <span class='ocrx_word' id='word_1_409' title='bbox 742 3808 830 3868; x_wconf 89' lang='lat' dir='ltr'>enim</span> <span class='ocrx_word' id='word_1_410' title='bbox 866 3809 1031 3870; x_wconf 87' lang='lat' dir='ltr'>exaltatus</span> <span class='ocrx_word' id='word_1_411' title='bbox 1068 3807 1102 3868; x_wconf 91' lang='lat' dir='ltr'>in</span> <span class='ocrx_word' id='word_1_412' title='bbox 1160 3808 1321 3880; x_wconf 86' lang='lat' dir='ltr'>Christus,</span> <span class='ocrx_word' id='word_1_413' title='bbox 1339 3823 1439 3886; x_wconf 91' lang='lat' dir='ltr'>quum</span> <span class='ocrx_word' id='word_1_414' title='bbox 1452 3807 1625 3870; x_wconf 83' lang='lat' dir='ltr'>dilexisset</span> <span class='ocrx_word' id='word_1_415' title='bbox 1639 3823 1728 3880; x_wconf 91' lang='lat' dir='ltr'>suos,</span> <span class='ocrx_word' id='word_1_416' title='bbox 1742 3808 1780 3868; x_wconf 91' lang='lat' dir='ltr'>in</span> <span class='ocrx_word' id='word_1_417' title='bbox 1789 3807 1884 3866; x_wconf 84' lang='lat' dir='ltr'>linem</span> <span class='ocrx_word' id='word_1_418' title='bbox 1898 3801 1944 3861; x_wconf 91' lang='lat' dir='ltr'>di-</span> 
     </span>
     <span class='ocr_line' id='line_1_37' title="bbox 307 3899 1944 3983; baseline -0.001 -19"><span class='ocrx_word' id='word_1_419' title='bbox 307 3903 477 3978; x_wconf 89' lang='lat' dir='ltr'>morte,in</span> <span class='ocrx_word' id='word_1_420' title='bbox 500 3904 697 3979; x_wconf 86' lang='lat' dir='ltr'>inferno,in</span> <span class='ocrx_word' id='word_1_421' title='bbox 720 3899 1027 3978; x_wconf 73' lang='lat' dir='ltr'>resurrectionem</span> <span class='ocrx_word' id='word_1_422' title='bbox 1049 3921 1106 3966; x_wconf 89' lang='lat' dir='ltr'>as-</span> <span class='ocrx_word' id='word_1_423' title='bbox 1160 3906 1243 3967; x_wconf 81' lang='lat' dir='ltr'>lexit</span> <span class='ocrx_word' id='word_1_424' title='bbox 1268 3921 1336 3967; x_wconf 90' lang='lat' dir='ltr'>eos.</span> <span class='ocrx_word' id='word_1_425' title='bbox 1361 3906 1571 3974; x_wconf 81' lang='lat' dir='ltr'>Sublimitas,</span> <span class='ocrx_word' id='word_1_426' title='bbox 1599 3906 1636 3968; x_wconf 97' lang='lat' dir='ltr'>ut</span> <span class='ocrx_word' id='word_1_427' title='bbox 1663 3919 1852 3983; x_wconf 86' lang='lat' dir='ltr'>quaeramus</span> <span class='ocrx_word' id='word_1_428' title='bbox 1879 3913 1944 3976; x_wconf 83' lang='lat' dir='ltr'>quan</span> 
     </span>
     <span class='ocr_line' id='line_1_38' title="bbox 308 3993 1947 4081; baseline -0.005 -19"><span class='ocrx_word' id='word_1_429' title='bbox 308 4002 474 4078; x_wconf 89' lang='lat' dir='ltr'>censione,</span> <span class='ocrx_word' id='word_1_430' title='bbox 491 4004 527 4065; x_wconf 93' lang='lat' dir='ltr'>in</span> <span class='ocrx_word' id='word_1_431' title='bbox 538 4003 681 4081; x_wconf 87' lang='lat' dir='ltr'>Spiritus</span> <span class='ocrx_word' id='word_1_432' title='bbox 695 4004 808 4067; x_wconf 89' lang='lat' dir='ltr'>Sancti</span> <span class='ocrx_word' id='word_1_433' title='bbox 825 4005 995 4071; x_wconf 90' lang='lat' dir='ltr'>missione.</span> <span class='ocrx_word' id='word_1_434' title='bbox 1010 4003 1106 4066; x_wconf 80' lang='lat' dir='ltr'>Enal-</span> <span class='ocrx_word' id='word_1_435' title='bbox 1160 4004 1397 4072; x_wconf 88' lang='lat' dir='ltr'>sursumsunt,</span> <span class='ocrx_word' id='word_1_436' title='bbox 1413 4019 1481 4064; x_wconf 91' lang='lat' dir='ltr'>non</span> <span class='ocrx_word' id='word_1_437' title='bbox 1507 4019 1580 4081; x_wconf 92' lang='lat' dir='ltr'>qnae</span> <span class='ocrx_word' id='word_1_438' title='bbox 1608 4004 1857 4081; x_wconf 85' lang='lat' dir='ltr'>superterram,</span> <span class='ocrx_word' id='word_1_439' title='bbox 1871 3993 1947 4057; x_wconf 89' lang='lat' dir='ltr'>sicut</span> 
     </span>
     <span class='ocr_line' id='line_1_39' title="bbox 307 4095 1947 4182; baseline -0.005 -20"><span class='ocrx_word' id='word_1_440' title='bbox 307 4099 432 4162; x_wconf 89' lang='lat' dir='ltr'>tabitur</span> <span class='ocrx_word' id='word_1_441' title='bbox 472 4101 604 4164; x_wconf 89' lang='lat' dir='ltr'>tandem</span> <span class='ocrx_word' id='word_1_442' title='bbox 643 4103 679 4164; x_wconf 94' lang='lat' dir='ltr'>in</span> <span class='ocrx_word' id='word_1_443' title='bbox 714 4103 853 4182; x_wconf 88' lang='lat' dir='ltr'>judicio.</span> <span class='ocrx_word' id='word_1_444' title='bbox 896 4103 1008 4164; x_wconf 91' lang='lat' dir='ltr'>Prima</span> <span class='ocrx_word' id='word_1_445' title='bbox 1043 4101 1107 4164; x_wconf 89' lang='lat' dir='ltr'>fuit</span> <span class='ocrx_word' id='word_1_446' title='bbox 1160 4103 1193 4164; x_wconf 90' lang='lat' dir='ltr'>et</span> <span class='ocrx_word' id='word_1_447' title='bbox 1207 4102 1279 4179; x_wconf 90' lang='lat' dir='ltr'>ipse</span> <span class='ocrx_word' id='word_1_448' title='bbox 1298 4101 1502 4164; x_wconf 89' lang='lat' dir='ltr'>voluntatem</span> <span class='ocrx_word' id='word_1_449' title='bbox 1525 4101 1635 4162; x_wconf 89' lang='lat' dir='ltr'>Patris</span> <span class='ocrx_word' id='word_1_450' title='bbox 1662 4102 1714 4162; x_wconf 90' lang='lat' dir='ltr'>sui</span> <span class='ocrx_word' id='word_1_451' title='bbox 1740 4097 1883 4178; x_wconf 86' lang='lat' dir='ltr'>praetulit</span> <span class='ocrx_word' id='word_1_452' title='bbox 1899 4095 1947 4153; x_wconf 93' lang='lat' dir='ltr'>in-</span> 
     </span>
     <span class='ocr_line' id='line_1_40' title="bbox 309 4195 1944 4278; baseline 0 -19"><span class='ocrx_word' id='word_1_453' title='bbox 309 4199 493 4275; x_wconf 88' lang='lat' dir='ltr'>potestatis,</span> <span class='ocrx_word' id='word_1_454' title='bbox 524 4201 669 4263; x_wconf 89' lang='lat' dir='ltr'>secunda</span> <span class='ocrx_word' id='word_1_455' title='bbox 702 4201 973 4276; x_wconf 85' lang='lat' dir='ltr'>glorificationis,</span> <span class='ocrx_word' id='word_1_456' title='bbox 1006 4199 1106 4262; x_wconf 88' lang='lat' dir='ltr'>tertia</span> <span class='ocrx_word' id='word_1_457' title='bbox 1161 4199 1302 4278; x_wconf 90' lang='lat' dir='ltr'>quiens:</span> <span class='ocrx_word' id='word_1_458' title='bbox 1334 4200 1578 4261; x_wconf 80' lang='lat' dir='ltr'>Verumtamen</span> <span class='ocrx_word' id='word_1_459' title='bbox 1597 4214 1666 4262; x_wconf 81' lang='lat' dir='ltr'>uon</span> <span class='ocrx_word' id='word_1_460' title='bbox 1687 4201 1778 4261; x_wconf 82' lang='lat' dir='ltr'>sicut</span> <span class='ocrx_word' id='word_1_461' title='bbox 1793 4211 1853 4274; x_wconf 80' lang='lat' dir='ltr'>epo</span> <span class='ocrx_word' id='word_1_462' title='bbox 1870 4195 1944 4258; x_wconf 80' lang='lat' dir='ltr'>volo,</span> 
     </span>
     <span class='ocr_line' id='line_1_41' title="bbox 313 4293 1948 4376; baseline -0.001 -20"><span class='ocrx_word' id='word_1_463' title='bbox 313 4296 569 4371; x_wconf 89' lang='lat' dir='ltr'>sublimationis,</span> <span class='ocrx_word' id='word_1_464' title='bbox 587 4300 703 4375; x_wconf 89' lang='lat' dir='ltr'>quarta</span> <span class='ocrx_word' id='word_1_465' title='bbox 721 4299 977 4375; x_wconf 85' lang='lat' dir='ltr'>magnitudinis;</span> <span class='ocrx_word' id='word_1_466' title='bbox 990 4298 1106 4376; x_wconf 88' lang='lat' dir='ltr'>quinta</span> <span class='ocrx_word' id='word_1_467' title='bbox 1160 4302 1219 4361; x_wconf 83' lang='lat' dir='ltr'>secl</span> <span class='ocrx_word' id='word_1_468' title='bbox 1232 4298 1321 4360; x_wconf 85' lang='lat' dir='ltr'>sicut</span> <span class='ocrx_word' id='word_1_469' title='bbox 1342 4295 1785 4376; x_wconf 74' lang='lat' dir='ltr'>tuvtstmattb.nxv1,39).</span> <span class='ocrx_word' id='word_1_470' title='bbox 1806 4293 1948 4365; x_wconf 80' lang='lat' dir='ltr'>Prosun-</span> 
     </span>
     <span class='ocr_line' id='line_1_42' title="bbox 308 4385 1947 4474; baseline -0.004 -18"><span class='ocrx_word' id='word_1_471' title='bbox 308 4395 373 4457; x_wconf 91' lang='lat' dir='ltr'>erit</span> <span class='ocrx_word' id='word_1_472' title='bbox 387 4395 580 4474; x_wconf 88' lang='lat' dir='ltr'>majestatis.</span> <span class='ocrx_word' id='word_1_473' title='bbox 592 4398 703 4458; x_wconf 84' lang='lat' dir='ltr'>Prima</span> <span class='ocrx_word' id='word_1_474' title='bbox 714 4397 802 4459; x_wconf 90' lang='lat' dir='ltr'>infra</span> <span class='ocrx_word' id='word_1_475' title='bbox 814 4397 949 4468; x_wconf 89' lang='lat' dir='ltr'>terram,</span> <span class='ocrx_word' id='word_1_476' title='bbox 962 4396 1107 4457; x_wconf 89' lang='lat' dir='ltr'>secunda</span> <span class='ocrx_word' id='word_1_477' title='bbox 1161 4400 1254 4468; x_wconf 82' lang='lat' dir='ltr'>dum,</span> <span class='ocrx_word' id='word_1_478' title='bbox 1271 4397 1306 4457; x_wconf 91' lang='lat' dir='ltr'>in</span> <span class='ocrx_word' id='word_1_479' title='bbox 1321 4395 1485 4457; x_wconf 88' lang='lat' dir='ltr'>occultum</span> <span class='ocrx_word' id='word_1_480' title='bbox 1501 4394 1703 4472; x_wconf 84' lang='lat' dir='ltr'>judiciorum</span> <span class='ocrx_word' id='word_1_481' title='bbox 1729 4395 1800 4468; x_wconf 91' lang='lat' dir='ltr'>Dei,</span> <span class='ocrx_word' id='word_1_482' title='bbox 1818 4391 1890 4470; x_wconf 89' lang='lat' dir='ltr'>quia</span> <span class='ocrx_word' id='word_1_483' title='bbox 1902 4385 1947 4446; x_wconf 88' lang='lat' dir='ltr'>vi-</span> 
     </span>
     <span class='ocr_line' id='line_1_43' title="bbox 309 4484 1946 4572; baseline -0.009 -19"><span class='ocrx_word' id='word_1_484' title='bbox 309 4493 399 4554; x_wconf 90' lang='lat' dir='ltr'>circa</span> <span class='ocrx_word' id='word_1_485' title='bbox 417 4494 552 4567; x_wconf 91' lang='lat' dir='ltr'>terram,</span> <span class='ocrx_word' id='word_1_486' title='bbox 568 4495 666 4557; x_wconf 90' lang='lat' dir='ltr'>tertia</span> <span class='ocrx_word' id='word_1_487' title='bbox 684 4497 819 4572; x_wconf 87' lang='lat' dir='ltr'>propter</span> <span class='ocrx_word' id='word_1_488' title='bbox 833 4494 968 4566; x_wconf 90' lang='lat' dir='ltr'>terram,</span> <span class='ocrx_word' id='word_1_489' title='bbox 990 4493 1107 4570; x_wconf 91' lang='lat' dir='ltr'>quarta</span> <span class='ocrx_word' id='word_1_490' title='bbox 1162 4492 1282 4554; x_wconf 87' lang='lat' dir='ltr'>delicet</span> <span class='ocrx_word' id='word_1_491' title='bbox 1296 4492 1385 4552; x_wconf 86' lang='lat' dir='ltr'>nunc</span> <span class='ocrx_word' id='word_1_492' title='bbox 1408 4491 1504 4552; x_wconf 88' lang='lat' dir='ltr'>vocat</span> <span class='ocrx_word' id='word_1_493' title='bbox 1516 4490 1558 4551; x_wconf 89' lang='lat' dir='ltr'>ad</span> <span class='ocrx_word' id='word_1_494' title='bbox 1569 4489 1666 4552; x_wconf 85' lang='lat' dir='ltr'>tidem</span> <span class='ocrx_word' id='word_1_495' title='bbox 1688 4490 1850 4564; x_wconf 88' lang='lat' dir='ltr'>crucis,et</span> <span class='ocrx_word' id='word_1_496' title='bbox 1862 4484 1946 4547; x_wconf 90' lang='lat' dir='ltr'>illum</span> 
     </span>
     <span class='ocr_line' id='line_1_44' title="bbox 309 4580 1944 4670; baseline -0.006 -18"><span class='ocrx_word' id='word_1_497' title='bbox 309 4589 472 4654; x_wconf 84' lang='lat' dir='ltr'>subterra</span> <span class='ocrx_word' id='word_1_498' title='bbox 488 4593 540 4656; x_wconf 94' lang='lat' dir='ltr'>vel</span> <span class='ocrx_word' id='word_1_499' title='bbox 556 4594 597 4654; x_wconf 93' lang='lat' dir='ltr'>ad</span> <span class='ocrx_word' id='word_1_500' title='bbox 622 4595 757 4665; x_wconf 89' lang='lat' dir='ltr'>terram,</span> <span class='ocrx_word' id='word_1_501' title='bbox 780 4592 895 4670; x_wconf 90' lang='lat' dir='ltr'>quinta</span> <span class='ocrx_word' id='word_1_502' title='bbox 917 4607 1017 4668; x_wconf 91' lang='lat' dir='ltr'>super</span> <span class='ocrx_word' id='word_1_503' title='bbox 1040 4593 1109 4654; x_wconf 91' lang='lat' dir='ltr'>ter·</span> <span class='ocrx_word' id='word_1_504' title='bbox 1162 4588 1327 4666; x_wconf 89' lang='lat' dir='ltr'>reprobat,</span> <span class='ocrx_word' id='word_1_505' title='bbox 1352 4589 1388 4651; x_wconf 91' lang='lat' dir='ltr'>ut</span> <span class='ocrx_word' id='word_1_506' title='bbox 1412 4588 1562 4650; x_wconf 86' lang='lat' dir='ltr'>dicamus</span> <span class='ocrx_word' id='word_1_507' title='bbox 1583 4604 1658 4650; x_wconf 90' lang='lat' dir='ltr'>cnm</span> <span class='ocrx_word' id='word_1_508' title='bbox 1677 4588 1808 4650; x_wconf 89' lang='lat' dir='ltr'>Paulo:</span> <span class='ocrx_word' id='word_1_509' title='bbox 1833 4580 1944 4648; x_wconf 85' lang='lat' dir='ltr'>Ooltt&#39;-</span> 
     </span>
     <span class='ocr_line' id='line_1_45' title="bbox 309 4677 2018 4768; baseline -0.007 -20"><span class='ocrx_word' id='word_1_510' title='bbox 309 4703 393 4749; x_wconf 91' lang='lat' dir='ltr'>ram.</span> <span class='ocrx_word' id='word_1_511' title='bbox 432 4692 468 4750; x_wconf 92' lang='lat' dir='ltr'>In</span> <span class='ocrx_word' id='word_1_512' title='bbox 504 4691 611 4768; x_wconf 92' lang='lat' dir='ltr'>prima</span> <span class='ocrx_word' id='word_1_513' title='bbox 643 4690 860 4764; x_wconf 88' lang='lat' dir='ltr'>desideratus,</span> <span class='ocrx_word' id='word_1_514' title='bbox 897 4689 932 4751; x_wconf 90' lang='lat' dir='ltr'>in</span> <span class='ocrx_word' id='word_1_515' title='bbox 963 4690 1107 4751; x_wconf 88' lang='lat' dir='ltr'>secunda</span> <span class='ocrx_word' id='word_1_516' title='bbox 1163 4688 1243 4748; x_wconf 78' lang='lat' dir='ltr'>tutto</span> <span class='ocrx_word' id='word_1_517' title='bbox 1277 4687 1483 4752; x_wconf 78' lang='lat' dir='ltr'>divitiorum</span> <span class='ocrx_word' id='word_1_518' title='bbox 1513 4687 1697 4762; x_wconf 77' lang='lat' dir='ltr'>sapientiae</span> <span class='ocrx_word' id='word_1_519' title='bbox 1736 4687 1771 4748; x_wconf 85' lang='lat' dir='ltr'>et</span> <span class='ocrx_word' id='word_1_520' title='bbox 1806 4677 1946 4748; x_wconf 70' lang='lat' dir='ltr'>euentu</span> <span class='ocrx_word' id='word_1_521' title='bbox 2017 4747 2018 4752; x_wconf 45' lang='lat'>.</span> 
     </span>
     <span class='ocr_line' id='line_1_46' title="bbox 311 4777 1944 4865; baseline -0.005 -21"><span class='ocrx_word' id='word_1_522' title='bbox 311 4785 527 4860; x_wconf 86' lang='lat' dir='ltr'>glorificatus,</span> <span class='ocrx_word' id='word_1_523' title='bbox 548 4789 583 4849; x_wconf 89' lang='lat' dir='ltr'>in</span> <span class='ocrx_word' id='word_1_524' title='bbox 602 4790 701 4850; x_wconf 91' lang='lat' dir='ltr'>tertia</span> <span class='ocrx_word' id='word_1_525' title='bbox 715 4789 922 4857; x_wconf 88' lang='lat' dir='ltr'>sublimatus,</span> <span class='ocrx_word' id='word_1_526' title='bbox 939 4787 974 4849; x_wconf 91' lang='lat' dir='ltr'>in</span> <span class='ocrx_word' id='word_1_527' title='bbox 990 4789 1108 4865; x_wconf 90' lang='lat' dir='ltr'>quarta</span> <span class='ocrx_word' id='word_1_528' title='bbox 1163 4787 1227 4846; x_wconf 84' lang='lat' dir='ltr'>Det</span> <span class='ocrx_word' id='word_1_529' title='bbox 1248 4781 1356 4862; x_wconf 90' lang='lat' dir='ltr'>(Rom.</span> <span class='ocrx_word' id='word_1_530' title='bbox 1384 4797 1432 4855; x_wconf 81' lang='lat' dir='ltr'>nr,</span> <span class='ocrx_word' id='word_1_531' title='bbox 1462 4781 1532 4863; x_wconf 86' lang='lat' dir='ltr'>33)t</span> <span class='ocrx_word' id='word_1_532' title='bbox 1561 4787 1586 4845; x_wconf 93' lang='lat'>0</span> <span class='ocrx_word' id='word_1_533' title='bbox 1609 4784 1707 4845; x_wconf 91' lang='lat' dir='ltr'>bomo</span> <span class='ocrx_word' id='word_1_534' title='bbox 1732 4783 1788 4861; x_wconf 91' lang='lat' dir='ltr'>qni</span> <span class='ocrx_word' id='word_1_535' title='bbox 1810 4777 1944 4846; x_wconf 68' lang='lat' dir='ltr'>audino</span> 
     </span>
     <span class='ocr_line' id='line_1_47' title="bbox 311 4879 1944 4963; baseline -0.002 -21"><span class='ocrx_word' id='word_1_536' title='bbox 311 4884 553 4957; x_wconf 88' lang='lat' dir='ltr'>magnificatus,</span> <span class='ocrx_word' id='word_1_537' title='bbox 571 4887 605 4946; x_wconf 92' lang='lat' dir='ltr'>in</span> <span class='ocrx_word' id='word_1_538' title='bbox 618 4887 733 4963; x_wconf 88' lang='lat' dir='ltr'>quinta</span> <span class='ocrx_word' id='word_1_539' title='bbox 754 4889 871 4963; x_wconf 89' lang='lat' dir='ltr'>potens</span> <span class='ocrx_word' id='word_1_540' title='bbox 895 4885 929 4948; x_wconf 90' lang='lat' dir='ltr'>et</span> <span class='ocrx_word' id='word_1_541' title='bbox 950 4886 1108 4963; x_wconf 88' lang='lat' dir='ltr'>crapula·</span> <span class='ocrx_word' id='word_1_542' title='bbox 1164 4881 1264 4943; x_wconf 85' lang='lat' dir='ltr'>homo</span> <span class='ocrx_word' id='word_1_543' title='bbox 1280 4879 1336 4958; x_wconf 92' lang='lat' dir='ltr'>qui</span> <span class='ocrx_word' id='word_1_544' title='bbox 1356 4880 1452 4956; x_wconf 76' lang='lat' dir='ltr'>legin,</span> <span class='ocrx_word' id='word_1_545' title='bbox 1478 4881 1611 4943; x_wconf 89' lang='lat' dir='ltr'>attende</span> <span class='ocrx_word' id='word_1_546' title='bbox 1627 4881 1815 4957; x_wconf 79' lang='lat' dir='ltr'>vigilanter,</span> <span class='ocrx_word' id='word_1_547' title='bbox 1837 4883 1944 4952; x_wconf 72' lang='lat' dir='ltr'>repone</span> 
     </span>
     <span class='ocr_line' id='line_1_48' title="bbox 310 4969 1943 5059; baseline -0.006 -17"><span class='ocrx_word' id='word_1_548' title='bbox 310 4980 374 5042; x_wconf 80' lang='lat' dir='ltr'>tue.</span> <span class='ocrx_word' id='word_1_549' title='bbox 408 4981 498 5042; x_wconf 89' lang='lat' dir='ltr'>Infra</span> <span class='ocrx_word' id='word_1_550' title='bbox 522 4982 647 5044; x_wconf 88' lang='lat' dir='ltr'>terram</span> <span class='ocrx_word' id='word_1_551' title='bbox 679 4984 826 5059; x_wconf 91' lang='lat' dir='ltr'>quidem,</span> <span class='ocrx_word' id='word_1_552' title='bbox 856 4984 957 5056; x_wconf 91' lang='lat' dir='ltr'>idest,</span> <span class='ocrx_word' id='word_1_553' title='bbox 989 4983 1024 5044; x_wconf 91' lang='lat' dir='ltr'>in</span> <span class='ocrx_word' id='word_1_554' title='bbox 1056 4984 1111 5046; x_wconf 92' lang='lat' dir='ltr'>in-</span> <span class='ocrx_word' id='word_1_555' title='bbox 1165 4979 1327 5050; x_wconf 86' lang='lat' dir='ltr'>fideliter,</span> <span class='ocrx_word' id='word_1_556' title='bbox 1358 4979 1557 5055; x_wconf 85' lang='lat' dir='ltr'>amplectere</span> <span class='ocrx_word' id='word_1_557' title='bbox 1593 4979 1741 5041; x_wconf 89' lang='lat' dir='ltr'>suaviter</span> <span class='ocrx_word' id='word_1_558' title='bbox 1768 4993 1839 5057; x_wconf 93' lang='lat' dir='ltr'>quae</span> <span class='ocrx_word' id='word_1_559' title='bbox 1869 4969 1943 5034; x_wconf 73' lang='lat' dir='ltr'>faeta</span> 
     </span>
     <span class='ocr_line' id='line_1_49' title="bbox 310 5069 1945 5158; baseline -0.004 -19"><span class='ocrx_word' id='word_1_560' title='bbox 310 5077 423 5152; x_wconf 81' lang='lat' dir='ltr'>terno,</span> <span class='ocrx_word' id='word_1_561' title='bbox 452 5081 509 5158; x_wconf 90' lang='lat' dir='ltr'>qni</span> <span class='ocrx_word' id='word_1_562' title='bbox 537 5082 587 5142; x_wconf 87' lang='lat' dir='ltr'>est</span> <span class='ocrx_word' id='word_1_563' title='bbox 614 5081 708 5142; x_wconf 90' lang='lat' dir='ltr'>locus</span> <span class='ocrx_word' id='word_1_564' title='bbox 730 5081 766 5142; x_wconf 93' lang='lat' dir='ltr'>in</span> <span class='ocrx_word' id='word_1_565' title='bbox 794 5080 978 5142; x_wconf 89' lang='lat' dir='ltr'>visceribus</span> <span class='ocrx_word' id='word_1_566' title='bbox 1011 5081 1119 5143; x_wconf 89' lang='lat' dir='ltr'>terrae</span> <span class='ocrx_word' id='word_1_567' title='bbox 1164 5075 1355 5140; x_wconf 82' lang='lat' dir='ltr'>referuntur</span> <span class='ocrx_word' id='word_1_568' title='bbox 1378 5075 1419 5136; x_wconf 89' lang='lat' dir='ltr'>de</span> <span class='ocrx_word' id='word_1_569' title='bbox 1443 5077 1603 5149; x_wconf 75' lang='lat' dir='ltr'>Deinde,</span> <span class='ocrx_word' id='word_1_570' title='bbox 1627 5077 1660 5139; x_wconf 90' lang='lat' dir='ltr'>et</span> <span class='ocrx_word' id='word_1_571' title='bbox 1681 5076 1721 5138; x_wconf 91' lang='lat' dir='ltr'>de</span> <span class='ocrx_word' id='word_1_572' title='bbox 1744 5073 1866 5140; x_wconf 90' lang='lat' dir='ltr'>Summi</span> <span class='ocrx_word' id='word_1_573' title='bbox 1890 5069 1945 5129; x_wconf 77' lang='lat' dir='ltr'>Pn-</span> 
     </span>
     <span class='ocr_line' id='line_1_50' title="bbox 312 5162 1942 5255; baseline -0.007 -17"><span class='ocrx_word' id='word_1_574' title='bbox 312 5177 465 5255; x_wconf 77' lang='lat' dir='ltr'>poenalis,</span> <span class='ocrx_word' id='word_1_575' title='bbox 486 5178 631 5240; x_wconf 88' lang='lat' dir='ltr'>claustra</span> <span class='ocrx_word' id='word_1_576' title='bbox 651 5177 773 5240; x_wconf 89' lang='lat' dir='ltr'>inferni</span> <span class='ocrx_word' id='word_1_577' title='bbox 794 5177 957 5254; x_wconf 82' lang='lat' dir='ltr'>confregit</span> <span class='ocrx_word' id='word_1_578' title='bbox 976 5179 1009 5240; x_wconf 93' lang='lat' dir='ltr'>et</span> <span class='ocrx_word' id='word_1_579' title='bbox 1029 5179 1111 5239; x_wconf 89' lang='lat' dir='ltr'>alli·</span> <span class='ocrx_word' id='word_1_580' title='bbox 1164 5174 1226 5237; x_wconf 89' lang='lat' dir='ltr'>tris</span> <span class='ocrx_word' id='word_1_581' title='bbox 1247 5172 1429 5248; x_wconf 90' lang='lat' dir='ltr'>unigenito.</span> <span class='ocrx_word' id='word_1_582' title='bbox 1453 5173 1488 5234; x_wconf 90' lang='lat' dir='ltr'>Si</span> <span class='ocrx_word' id='word_1_583' title='bbox 1507 5189 1610 5246; x_wconf 86' lang='lat' dir='ltr'>amas,</span> <span class='ocrx_word' id='word_1_584' title='bbox 1636 5174 1721 5235; x_wconf 92' lang='lat' dir='ltr'>nibil</span> <span class='ocrx_word' id='word_1_585' title='bbox 1739 5175 1789 5236; x_wconf 91' lang='lat' dir='ltr'>est</span> <span class='ocrx_word' id='word_1_586' title='bbox 1816 5172 1849 5232; x_wconf 94' lang='lat' dir='ltr'>in</span> <span class='ocrx_word' id='word_1_587' title='bbox 1870 5162 1942 5228; x_wconf 81' lang='lat' dir='ltr'>actu,</span> 
     </span>
     <span class='ocr_line' id='line_1_51' title="bbox 312 5265 1943 5364; baseline -0.009 -27"><span class='ocrx_word' id='word_1_588' title='bbox 312 5275 405 5352; x_wconf 88' lang='lat' dir='ltr'>gavit</span> <span class='ocrx_word' id='word_1_589' title='bbox 428 5290 503 5352; x_wconf 89' lang='lat' dir='ltr'>eum</span> <span class='ocrx_word' id='word_1_590' title='bbox 530 5277 586 5355; x_wconf 91' lang='lat' dir='ltr'>qni</span> <span class='ocrx_word' id='word_1_591' title='bbox 614 5276 757 5338; x_wconf 86' lang='lat' dir='ltr'>babebat</span> <span class='ocrx_word' id='word_1_592' title='bbox 780 5275 897 5338; x_wconf 90' lang='lat' dir='ltr'>mortis</span> <span class='ocrx_word' id='word_1_593' title='bbox 923 5275 1109 5353; x_wconf 90' lang='lat' dir='ltr'>imperium,</span> <span class='ocrx_word' id='word_1_594' title='bbox 1166 5272 1201 5333; x_wconf 93' lang='lat' dir='ltr'>in</span> <span class='ocrx_word' id='word_1_595' title='bbox 1222 5271 1285 5333; x_wconf 92' lang='lat' dir='ltr'>isto</span> <span class='ocrx_word' id='word_1_596' title='bbox 1305 5269 1424 5342; x_wconf 88' lang='lat' dir='ltr'>relatu,</span> <span class='ocrx_word' id='word_1_597' title='bbox 1447 5271 1534 5347; x_wconf 92' lang='lat' dir='ltr'>quod</span> <span class='ocrx_word' id='word_1_598' title='bbox 1550 5288 1618 5333; x_wconf 93' lang='lat' dir='ltr'>non</span> <span class='ocrx_word' id='word_1_599' title='bbox 1633 5272 1774 5344; x_wconf 89' lang='lat' dir='ltr'>moveat,</span> <span class='ocrx_word' id='word_1_600' title='bbox 1797 5265 1876 5348; x_wconf 93' lang='lat' dir='ltr'>quod</span> <span class='ocrx_word' id='word_1_601' title='bbox 1890 5273 1943 5364; x_wconf 80' lang='lat' dir='ltr'>non</span> 
     </span>
     <span class='ocr_line' id='line_1_52' title="bbox 313 5357 1944 5452; baseline -0.007 -15"><span class='ocrx_word' id='word_1_602' title='bbox 313 5375 477 5452; x_wconf 88' lang='lat' dir='ltr'>captivam</span> <span class='ocrx_word' id='word_1_603' title='bbox 493 5375 615 5436; x_wconf 88' lang='lat' dir='ltr'>ducens</span> <span class='ocrx_word' id='word_1_604' title='bbox 627 5374 863 5452; x_wconf 89' lang='lat' dir='ltr'>captivitatem.</span> <span class='ocrx_word' id='word_1_605' title='bbox 881 5376 918 5434; x_wconf 93' lang='lat' dir='ltr'>ln</span> <span class='ocrx_word' id='word_1_606' title='bbox 935 5389 1111 5436; x_wconf 89' lang='lat' dir='ltr'>resurreo-</span> <span class='ocrx_word' id='word_1_607' title='bbox 1167 5369 1337 5448; x_wconf 89' lang='lat' dir='ltr'>penetret,</span> <span class='ocrx_word' id='word_1_608' title='bbox 1372 5368 1458 5447; x_wconf 92' lang='lat' dir='ltr'>quod</span> <span class='ocrx_word' id='word_1_609' title='bbox 1487 5385 1555 5430; x_wconf 91' lang='lat' dir='ltr'>non</span> <span class='ocrx_word' id='word_1_610' title='bbox 1590 5370 1708 5432; x_wconf 89' lang='lat' dir='ltr'>subeat</span> <span class='ocrx_word' id='word_1_611' title='bbox 1732 5369 1881 5431; x_wconf 88' lang='lat' dir='ltr'>animum.</span> <span class='ocrx_word' id='word_1_612' title='bbox 1916 5357 1944 5416; x_wconf 81' lang='lat' dir='ltr'>Sl</span> 
     </span>
     <span class='ocr_line' id='line_1_53' title="bbox 312 5466 1942 5549; baseline -0.009 -15"><span class='ocrx_word' id='word_1_613' title='bbox 312 5473 403 5535; x_wconf 91' lang='lat' dir='ltr'>tione</span> <span class='ocrx_word' id='word_1_614' title='bbox 424 5473 486 5536; x_wconf 90' lang='lat' dir='ltr'>fuit</span> <span class='ocrx_word' id='word_1_615' title='bbox 511 5472 715 5549; x_wconf 84' lang='lat' dir='ltr'>glorificatus</span> <span class='ocrx_word' id='word_1_616' title='bbox 741 5473 794 5533; x_wconf 91' lang='lat' dir='ltr'>vel</span> <span class='ocrx_word' id='word_1_617' title='bbox 823 5470 1000 5534; x_wconf 89' lang='lat' dir='ltr'>coronatus</span> <span class='ocrx_word' id='word_1_618' title='bbox 1024 5473 1113 5534; x_wconf 87' lang='lat' dir='ltr'>cirea</span> <span class='ocrx_word' id='word_1_619' title='bbox 1169 5483 1272 5540; x_wconf 75' lang='lat' dir='ltr'>amaa,</span> <span class='ocrx_word' id='word_1_620' title='bbox 1290 5466 1479 5544; x_wconf 87' lang='lat' dir='ltr'>compatere</span> <span class='ocrx_word' id='word_1_621' title='bbox 1490 5467 1522 5529; x_wconf 89' lang='lat' dir='ltr'>et</span> <span class='ocrx_word' id='word_1_622' title='bbox 1534 5467 1620 5541; x_wconf 89' lang='lat' dir='ltr'>dole,</span> <span class='ocrx_word' id='word_1_623' title='bbox 1636 5468 1756 5546; x_wconf 85' lang='lat' dir='ltr'>plange</span> <span class='ocrx_word' id='word_1_624' title='bbox 1767 5478 1862 5544; x_wconf 92' lang='lat' dir='ltr'>snper</span> <span class='ocrx_word' id='word_1_625' title='bbox 1872 5469 1942 5520; x_wconf 87' lang='lat' dir='ltr'>eun·</span> 
     </span>
     <span class='ocr_line' id='line_1_54' title="bbox 313 5557 1943 5649; baseline -0.013 -17"><span class='ocrx_word' id='word_1_626' title='bbox 313 5571 449 5646; x_wconf 87' lang='lat' dir='ltr'>terram,</span> <span class='ocrx_word' id='word_1_627' title='bbox 459 5571 545 5634; x_wconf 88' lang='lat' dir='ltr'>idest</span> <span class='ocrx_word' id='word_1_628' title='bbox 558 5571 592 5632; x_wconf 91' lang='lat' dir='ltr'>in</span> <span class='ocrx_word' id='word_1_629' title='bbox 609 5584 720 5632; x_wconf 87' lang='lat' dir='ltr'>carne.</span> <span class='ocrx_word' id='word_1_630' title='bbox 734 5573 839 5643; x_wconf 88' lang='lat' dir='ltr'>Quum</span> <span class='ocrx_word' id='word_1_631' title='bbox 853 5571 941 5632; x_wconf 93' lang='lat' dir='ltr'>enim</span> <span class='ocrx_word' id='word_1_632' title='bbox 953 5587 1031 5632; x_wconf 88' lang='lat' dir='ltr'>cero</span> <span class='ocrx_word' id='word_1_633' title='bbox 1042 5573 1114 5649; x_wconf 89' lang='lat' dir='ltr'>ejus</span> <span class='ocrx_word' id='word_1_634' title='bbox 1168 5569 1282 5642; x_wconf 85' lang='lat' dir='ltr'>Agnus</span> <span class='ocrx_word' id='word_1_635' title='bbox 1307 5565 1413 5633; x_wconf 82' lang='lat' dir='ltr'>mitis,</span> <span class='ocrx_word' id='word_1_636' title='bbox 1439 5564 1601 5627; x_wconf 78' lang='lat' dir='ltr'>innocens</span> <span class='ocrx_word' id='word_1_637' title='bbox 1621 5565 1775 5638; x_wconf 88' lang='lat' dir='ltr'>traditur,</span> <span class='ocrx_word' id='word_1_638' title='bbox 1800 5557 1943 5628; x_wconf 86' lang='lat' dir='ltr'>venditur,</span> 
     </span>
    </p>
   </div>
   <div class='ocr_carea' id='block_1_3' title="bbox 314 5649 1945 5748">
    <p class='ocr_par' dir='ltr' id='par_1_3' title="bbox 314 5649 1945 5748">
     <span class='ocr_line' id='line_1_55' title="bbox 314 5649 1945 5748; baseline -0.007 -16"><span class='ocrx_word' id='word_1_639' title='bbox 314 5670 407 5748; x_wconf 89' lang='lat' dir='ltr'>prins</span> <span class='ocrx_word' id='word_1_640' title='bbox 421 5671 510 5733; x_wconf 87' lang='lat' dir='ltr'>esset</span> <span class='ocrx_word' id='word_1_641' title='bbox 531 5668 682 5733; x_wconf 85' lang='lat' dir='ltr'>mortalis</span> <span class='ocrx_word' id='word_1_642' title='bbox 708 5669 740 5731; x_wconf 91' lang='lat' dir='ltr'>et</span> <span class='ocrx_word' id='word_1_643' title='bbox 763 5668 943 5747; x_wconf 73' lang='lat' dir='ltr'>passibilia,</span> <span class='ocrx_word' id='word_1_644' title='bbox 963 5667 1050 5732; x_wconf 88' lang='lat' dir='ltr'>iacta</span> <span class='ocrx_word' id='word_1_645' title='bbox 1065 5671 1116 5731; x_wconf 90' lang='lat' dir='ltr'>est</span> <span class='ocrx_word' id='word_1_646' title='bbox 1170 5663 1308 5734; x_wconf 89' lang='lat' dir='ltr'>emitur,</span> <span class='ocrx_word' id='word_1_647' title='bbox 1337 5662 1503 5736; x_wconf 87' lang='lat' dir='ltr'>trahitur,</span> <span class='ocrx_word' id='word_1_648' title='bbox 1534 5663 1708 5738; x_wconf 87' lang='lat' dir='ltr'>alluditur,</span> <span class='ocrx_word' id='word_1_649' title='bbox 1739 5663 1871 5740; x_wconf 85' lang='lat' dir='ltr'>ligatur,</span> <span class='ocrx_word' id='word_1_650' title='bbox 1895 5649 1945 5712; x_wconf 65' lang='lat' dir='ltr'>fla·</span> 
     </span>
    </p>
   </div>
   <div class='ocr_carea' id='block_1_4' title="bbox 0 0 2074 6308">
    <p class='ocr_par' dir='ltr' id='par_1_4' title="bbox 0 0 2074 6308">
     <span class='ocr_line' id='line_1_56' title="bbox 0 0 2074 6308; baseline 0 0"><span class='ocrx_word' id='word_1_651' title='bbox 0 0 2074 6308; x_wconf 95' lang='lat' dir='ltr'> </span> 
     </span>
    </p>
   </div>
  </div>
 </body>
</html>
