4122 6308
104 321 168 382 897

557 319 721 381 ocrhvh
743 316 932 414 Phacum.

940 319 1081 382 suala
1104 322 1282 394 Quhlt'rn.

1689 333 1749 394 898

99 479 226 540 hahere
244 477 414 556 diligendo
436 477 469 540 et
488 476 682 540 admirando
698 493 772 538 cum
786 479 897 554 Apos—
948 481 1166 552 pacianus...
1190 480 1326 562 (Philip.
1357 499 1406 558 111,
1431 487 1497 566 20).
1522 489 1562 551 Et
1589 489 1624 551 in
1650 490 1749 554 Libro

98 576 168 639 tolo
193 577 347 638 dicente:
378 578 521 651 Oenone
547 577 899 650 inconprehensibile

98 675 319 746 snntjndicio
331 675 899 748 sanctimonialibusvincius!

100 771 281 832 Sciendum
305 786 446 848 namque
479 770 530 831 est
555 768 641 847 quod
660 767 811 830 diabolus
835 768 899 829 ali-

98 867 234 945 quando
248 866 397 928 versutia
418 882 487 928 suae
512 865 714 942 deceptionis
729 864 899 927 intermis-
920 881 921 884 ¹

98 968 151 1026 cet
176 979 299 1042 aquam
328 961 599 1026 contradictionis
624 963 726 1040 ,aquis
758 961 897 1023 sincerae

98 1061 367 1138 compunctionis
387 1061 422 1122 ut
442 1059 625 1138 praecipitet
645 1061 850 1137 peccatorem
863 1059 897 1118 in

97 1159 259 1236 abyssum
278 1157 530 1235 desperationis
551 1160 583 1218 et
606 1157 700 1234 ponit
722 1157 798 1217 ante
813 1172 896 1217 ocu-

97 1256 148 1316 los
163 1256 277 1318 cordis
289 1255 427 1332 abyssos
436 1254 638 1332 judiciorum
649 1254 718 1326 Dei,
734 1270 806 1331 quae
822 1253 899 1314 sunt

97 1351 463 1430 incomprehensibilia,
472 1349 666 1429 etabyssum
674 1350 895 1427 peccatorum,

97 1467 171 1528 quae
186 1450 264 1511 sunt
276 1447 526 1522 inenarrabilia,
544 1450 581 1510 ut
604 1447 710 1524 possit
733 1448 896 1524 projicere

97 1549 133 1608 in
146 1547 306 1624 abyssum
320 1546 569 1618 tormentorum,
585 1561 657 1623 qnae
680 1547 756 1605 sunt
777 1544 899 1606 intole-

96 1645 233 1717 rabilia,
250 1644 439 1706 omnimoda
451 1642 597 1704 salsitate
610 1642 745 1704 credere
757 1641 894 1714 iaciens,

96 1743 185 1820 quod
199 1741 235 1802 in
249 1757 330 1803 voce
345 1741 587 1826 cataractarum
603 1739 789 1801 divinorum
796 1739 896 1816 jndi-

96 1839 228 1900 ciorum
251 1837 391 1916 abyssus
405 1823 644 1900 tormentorum
665 1835 820 1914 abyssum
843 1835 899 1897 in-

96 1937 196 1996 vocat
211 1938 432 2012 peccatorum.
458 1934 551 1996 Unde
573 1949 708 1994 necesso
729 1933 779 1994 est
802 1933 897 1994 nobis

96 2034 133 2093 nt
145 2033 296 2094 levemus
311 2032 424 2092 oculos
439 2033 571 2094 nostros
586 2031 627 2092 ad
642 2031 783 2102 montes,
799 2029 895 2102 idest,

94 2129 138 2196 ad
154 2130 300 2200 sanctos,
314 2129 401 2192 unde
411 2129 526 2191 veniat
540 2125 703 2190 auxilium
715 2127 822 2189 nobis.

106 2270 112 2280 .
136 2227 283 2288 Thomas
298 2227 536 2304 interpretatur
548 2226 712 2302 gemiane,
735 2225 768 2286 et
787 2224 896 2301 signi-

96 2324 178 2386 ficat
207 2324 301 2385 illam
329 2323 527 2400 sapientiam
553 2339 626 2401 quae
650 2321 782 2384 dabitur
807 2322 898 2383 elec·

97 2423 141 2484 tis
170 2421 212 2482 da
233 2421 425 2498 cognitione
453 2421 618 2482 creatoris
643 2419 676 2483 et
705 2419 894 2481 mundialis.

98 2520 195 2582 Unde
209 2520 404 2597 Apostolus:
419 2523 519 2582 Nurac
533 2532 695 2594 ceptrosco
718 2533 765 2579 ecc
778 2518 895 2591 parte,

97 2617 325 2678 itinerantem
353 2631 555 2692 coacescant
588 2615 677 2676 sicut
709 2616 742 2676 et
776 2617 896 2690 cognt-

96 2715 157 2776 lus
174 2729 255 2776 sum
274 2713 391 2792 (icor.
416 2729 521 2785 xnrn,
545 2711 609 2792 12).
633 2713 672 2774 Et
692 2711 894 2787 Gregorius:

96 2811 220 2882 «Quid
241 2811 281 2872 de
300 2811 342 2871 iis
363 2827 435 2888 quae
458 2811 594 2872 scienda
615 2810 703 2879 sunt,
727 2809 894 2882 nesciunt,

96 2909 157 2986 qui
172 2907 333 2971 scientem
347 2909 459 2970 omnia
479 2907 611 2970 scium?
624 2923 643 2968 a
657 2905 803 2988 (Dialog.
823 2906 895 2968 Lib.
933 2955 935 2962 .

96 3002 274 3085 1v,c.3a)

139 3103 283 3164 Thomas
307 3102 544 3179 interpretatur
564 3101 695 3176 dubius,
724 3101 802 3179 qnia
830 3116 897 3162 non

98 3201 243 3264 credidit
262 3201 298 3263 in
324 3201 601 3282 resurrectionem
624 3199 690 3260 nisi
714 3198 894 3286 probando,

99 3301 134 3360 et
157 3298 325 3374 significat
344 3281 543 3375 sapientiam
562 3313 636 3374 quaa
660 3296 793 3358 dabitur
807 3297 898 3358 elec-

97 3397 155 3458 tis.
177 3399 256 3468 Quae
282 3396 421 3457 scientia
449 3395 545 3456 modo
570 3395 621 3457 est
640 3393 751 3466 dubia,
776 3392 897 3454 sedin

97 3493 346 3555 resurrectione
361 3492 425 3554 erit
438 3493 573 3554 certast
590 3492 701 3569 plena,
726 3490 804 3568 qrria
817 3505 898 3565 cog-

96 3607 277 3652 noscemus
291 3591 419 3652 inceria
434 3589 467 3651 et
481 3589 611 3651 occulta
632 3587 806 3665 sapientiae
822 3587 894 3649 Dei.

99 3688 196 3750 Unde
211 3688 332 3750 isaias:
345 3688 486 3762 Popleto
500 3687 553 3748 cst
568 3687 666 3748 terra
677 3686 823 3746 scientia
834 3687 898 3745 Do·

97 3789 189 3846 mint
206 3785 409 3860 secutaque
421 3787 534 3854 aruris
555 3783 752 3858 operientes
774 3780 831 3862 (Is.
847 3798 895 3855 xr,

97 3881 146 3962 9).
177 3883 270 3946 Sicut
296 3899 390 3960 aquae
414 3882 528 3953 maris,
564 3880 693 3958 quoties
720 3879 895 3952 inundant,

98 3983 224 4043 terram
239 3980 394 4057 operiunt
409 3977 631 4043 immensitate
652 3993 723 4050 sua,
744 3977 802 4049 ita,
819 3979 897 4038 tunc

98 4079 191 4138 terra
213 4077 324 4138 cordis
343 4077 450 4138 nostri
473 4075 655 4154 replebitur
683 4074 823 4135 scientia
844 4072 897 4135 rel

99 4176 266 4253 sapientia
280 4174 422 4238 Domini.
440 4175 524 4245 Quia
543 4173 630 4235 sicut
650 4171 731 4234 dicit
751 4171 896 4248 Aposto-

99 4275 173 4336 brs:
192 4277 296 4336 Nurac
307 4286 470 4348 cognosco
485 4287 532 4333 em
548 4271 662 4346 porte,
682 4270 762 4331 irinc
780 4269 897 4330 antem

97 4385 304 4447 cognoscam
317 4370 406 4431 stent
420 4369 453 4430 et
465 4368 621 4445 copntttus
636 4382 725 4428 snm.

140 4467 277 4530 Nathan
295 4467 417 4529 dicitnr
440 4465 582 4538 donum;
610 4463 659 4537 El,
675 4465 774 4526 Deus.
804 4463 898 4525 Unde

100 4565 291 4628 Nathanael
305 4564 543 4640 interpretatur
558 4562 680 4623 donum
704 4561 773 4634 Dei,
800 4560 833 4624 et
847 4561 897 4622 si-

100 4663 238 4742 gnificat
246 4661 431 4723 claritatem
444 4661 536 4722 illam
549 4676 621 4736 quae
631 4659 762 4720 dabitur
775 4658 898 4720 sanctis

100 4761 135 4822 in
155 4758 412 4822 resurrectione.
439 4761 518 4830 Quae
540 4757 625 4818 bene
640 4757 762 4819 dicitur
777 4756 899 4818 donum

100 4859 172 4929 Dei,
203 4858 282 4936 quia
313 4873 470 4933 magnum
502 4855 624 4917 donum
657 4855 708 4915 est
731 4853 899 4916 homiuem

101 4955 325 5034 resplendere,
348 4954 390 5015 ad
412 4951 664 5014 similitudinem
679 4951 749 5024 Dei,
767 4966 899 5012 servum

101 5053 314 5133 resplendere
329 5053 370 5114 ad
385 5050 636 5112 similitudinem
647 5049 789 5122 Domini,
805 5065 901 5110 crea-

100 5154 210 5214 turam
244 5150 284 5212 ad
318 5149 569 5210 similitudinem
602 5146 790 5220 creatoris,
821 5147 900 5224 quia

101 5250 198 5312 electi
220 5247 322 5310 talem
337 5243 522 5308 claritateiu
544 5244 712 5306 habebunt
733 5243 768 5304 in
782 5258 899 5306 resur·

100 5349 261 5418 rectione,
274 5346 405 5423 qualem
419 5344 569 5406 Christus
582 5342 700 5404 habuit
715 5342 750 5404 in
763 5341 902 5404 transti-

100 5445 288 5523 guratione.
307 5443 497 5520 Fulgebnni
511 5441 633 5513 sancti,
657 5441 691 5502 et
705 5441 810 5502 erunt
834 5442 902 5515 flul-

101 5548 171 5621 picti
182 5548 371 5616 incorpore
383 5541 417 5602 ct
427 5543 463 5602 in
473 5542 601 5601 animo.
613 5542 707 5603 Nam
718 5540 901 5615 nesterone

102 5644 259 5718 corporis
273 5640 355 5702 dicit
373 5640 574 5714 Apostolos:
599 5637 817 5711 savatorem
836 5649 903 5699 eoc-

235 5813 350 5860 mrrtn..
370 5813 446 5858 rous
457 5802 478 5858 1.

954 577 1150 654 Sapientiae:
1166 584 1450 658 Fnlpcbnnljnsti
1460 585 1550 647 sicut
1562 592 1622 660 sot,
1636 591 1672 650 in
1692 606 1752 652 re-

952 691 1019 750 gno
1041 679 1163 738 Patris
1183 694 1304 740 eornm
1332 679 1458 750 (Matth.
1483 684 1639 764 x111,43).
1657 687 1749 758 Quod

953 787 1123 847 exponens
1146 777 1350 852 Augustinus
1378 779 1452 841 ait:
1479 797 1497 841 c
1521 781 1649 844 Coloris
1673 785 1747 846 cla-

953 869 1035 930 ritas
1059 873 1181 947 quanta
1197 874 1260 936 erit
1282 874 1317 935 in
1336 876 1529 953 corporibus
1553 879 1746 954 electorum,

953 967 1084 1042 quando
1104 971 1186 1046 justi
1206 971 1376 1048 fulgebunt
1397 973 1483 1037 sicut
1503 976 1563 1048 sol,
1587 977 1623 1038 in
1644 995 1747 1055 regno

953 1071 1062 1134 Patris
1078 1080 1206 1138 eorum!
1224 1081 1333 1150 »Qum
1346 1079 1481 1141 claritas
1492 1081 1527 1142 in
1541 1082 1663 1146 Christi
1678 1100 1748 1148 cor·

952 1185 1032 1261 pore
1065 1175 1269 1250 resurgentis
1297 1175 1338 1236 ab
1368 1177 1473 1239 oculis
1508 1178 1746 1257 discipulorum

952 1266 1144 1332 abscondita
1163 1271 1266 1334 fuisse
1285 1274 1494 1353 potiusquam
1508 1276 1652 1342 defuisse
1667 1296 1744 1342 cre-

953 1365 1059 1428 denda
1074 1371 1134 1431 ast

988 1498 1041 1555 liic
1054 1499 1247 1558 amanuensis
1256 1515 1419 1560 sermonem
1438 1505 1618 1579 interrumpit
1636 1513 1664 1565 et
1679 1524 1745 1580 pro·

952 1589 1079 1658 sequitur
1094 1587 1185 1645 rubris
1202 1589 1321 1646 litteris:
1343 1592 1383 1648 De
1395 1595 1561 1662 corporibus
1578 1597 1745 1668 glorificatis

952 1691 1056 1732 rursus
1071 1677 1183 1747 require
1192 1679 1307 1734 retroin
1316 1680 1506 1738 snmomvn
1519 1684 1643 1755 Serpens
1652 1687 1745 1756 lesus,

953 1763 1121 1822 velulisihic
1135 1772 1212 1822 esset
1225 1768 1365 1824 sermonis
1378 1767 1452 1838 bnis,
1464 1776 1492 1826 et
1507 1770 1577 1827 alter
1587 1771 1746 1845 subseque-

953 1860 1038 1910 retur.
1052 1852 1256 1916 Eademvarba
1265 1857 1365 1928 repetit
1377 1858 1463 1914 etiam
1473 1858 1501 1914 in
1517 1861 1657 1933 margine.
1667 1864 1743 1931 Quo-

952 1942 1029 1998 niam
1044 1956 1112 2000 vero
1132 1957 1165 1999 ea
1185 1958 1248 2016 qua
1263 1951 1418 2017 sequuntur
1431 1961 1498 2003 cum
1520 1949 1745 2020 praecedentibus

952 2029 1147 2088 omnimodam
1171 2030 1277 2088 habent
1297 2034 1519 2106 connexionem,
1544 2049 1598 2094 neo
1625 2052 1745 2096 numero

952 2117 1059 2177 ordinis
1073 2126 1104 2177 ut
1115 2121 1209 2176 ceteri
1229 2135 1377 2178 sermones
1391 2123 1437 2180 vel
1449 2125 1542 2196 capita
1562 2124 1744 2200 distinguun-

952 2215 1006 2278 tur,
1018 2208 1127 2266 snblate
1138 2209 1352 2282 interruptione,
1364 2214 1511 2284 sequentia
1520 2213 1747 2286 precedentibus

952 2299 1105 2356 contextim
1121 2298 1314 2374 adjungimus.

991 2423 1037 2482 lle
1062 2417 1212 2480 claritate
1231 2436 1312 2482 vero
1335 2420 1455 2482 animae
1475 2419 1555 2484 dicit
1574 2424 1745 2484 loannes:

952 2522 1062 2585 onum
1076 2519 1296 2592 apparuerit,
1315 2521 1444 2580 similes
1459 2521 1491 2580 ei
1505 2521 1648 2591 erimus,
1664 2523 1745 2594 prtia

951 2621 1139 2680 otdcbtmns
1166 2630 1246 2677 enm
1273 2616 1375 2676 sicali
1398 2616 1450 2676 esi
1479 2613 1588 2693 (ioan.
1614 2632 1672 2689 111,
1697 2615 1744 2696 2).

952 2714 1052 2788 Quasi
1074 2713 1199 2775 diceret
1217 2735 1224 2772 :
1239 2713 1370 2790 quando
1382 2711 1507 2774 videbit
1530 2713 1641 2775 anima
1668 2730 1748 2775 nos-

950 2815 1002 2876 tra
1013 2811 1178 2876 Christum
1188 2826 1301 2872 veram
1310 2810 1596 2889 lucem,qniaipse
1606 2811 1657 2873 est
1666 2827 1746 2873 vora

950 2912 1010 2973 lux
1024 2926 1097 2988 quae
1112 2908 1279 2970 illuminat
1292 2923 1423 2969 omnem
1433 2907 1600 2969 hominem
1612 2909 1747 2970 venien·

950 3011 1016 3072 tem
1033 3008 1068 3069 in
1087 3007 1175 3068 hunc
1189 3006 1358 3067 mundum.
1378 3008 1451 3082 lpse
1472 3005 1572 3068 etiam
1595 3005 1658 3068 erit
1677 3005 1746 3067 lux.

951 3109 1036 3168 Nam
1061 3121 1160 3182 quum
1182 3103 1332 3164 Christus
1353 3102 1396 3164 sit
1418 3103 1516 3180 caput
1540 3105 1690 3164 nostrum
1716 3105 1749 3165 et

951 3221 1011 3267 nos
1024 3202 1171 3264 membra
1183 3201 1300 3278 ipsius,
1315 3200 1401 3262 sicut
1415 3201 1514 3277 caput
1527 3199 1590 3264 erit
1602 3199 1751 3262 lumino-

952 3319 1035 3375 sum,
1052 3302 1099 3362 ita
1112 3300 1146 3362 et
1159 3299 1317 3360 membra.
1338 3297 1431 3360 Unde
1443 3299 1480 3359 in
1493 3298 1692 3376 Apocalypsi
1708 3297 1749 3360 de

951 3399 1101 3461 sanctis:
1125 3401 1204 3459 Non
1238 3397 1381 3472 egebunt
1413 3399 1542 3458 lumine
1578 3400 1745 3467 lucernoe,

950 3509 1058 3570 aterne
1083 3497 1214 3557 tantine
1252 3496 1352 3564 solia,
1387 3495 1550 3566 qttontant
1578 3495 1747 3554 Dominus

950 3599 1042 3656 Dens
1060 3591 1262 3654 illuminabit
1277 3605 1333 3650 eos
1353 3587 1467 3666 (Apoc.
1484 3604 1570 3662 xxn,
1592 3589 1621 3661 5,
1639 3589 1684 3670 6).

990 3689 1179 3752 Notandum
1199 3685 1285 3765 quod
1300 3687 1487 3748 Nathanael
1504 3684 1626 3748 dicitur
1640 3703 1714 3749 esse
1728 3700 1749 3747 a

952 3789 1064 3850 Chana
1094 3786 1248 3858 Galileae,
1278 3785 1365 3863 quod
1393 3784 1631 3862 interpretatur
1658 3783 1749 3846 zelus

950 3883 1273 3962 transmigrationis,
1304 3881 1382 3959 quia
1410 3881 1461 3942 illi
1491 3882 1554 3943 soli
1582 3881 1752 3945 habebunt

952 3984 1110 4045 aeternam
1129 3981 1324 4051 claritatem,
1341 3979 1396 4055 qui
1412 3979 1488 4040 sunt
1503 3979 1538 4039 in
1551 3979 1622 4040 zelo
1637 3980 1751 4040 trans·

951 4079 1176 4155 migrationis,
1204 4077 1305 4148 idest,
1336 4075 1391 4153 qui
1416 4069 1540 4137 habent
1566 4074 1750 4138 terrentem

952 4193 1099 4238 amorem
1123 4172 1384 4250 transmigrandi
1405 4172 1556 4234 devitiis
1578 4173 1619 4232 ad
1643 4173 1752 4235 virtu-

952 4276 1033 4346 tem,
1055 4273 1095 4334 de
1110 4273 1172 4334 hoc
1187 4271 1308 4332 mundo
1329 4270 1371 4331 ad
1386 4270 1536 4343 Patrem,
1554 4269 1594 4331 de
1609 4270 1751 4332 tribula-

956 4373 1043 4435 tione
1064 4371 1128 4433 ista
1147 4370 1188 4432 ad
1212 4369 1369 4446 gloriam,
1392 4367 1433 4430 de
1457 4368 1596 4430 terrenis
1621 4367 1662 4429 ad
1682 4384 1752 4430 coe-

952 4469 1070 4542 lestia,
1098 4469 1138 4530 de
1160 4466 1398 4544 temporalibus
1425 4465 1466 4526 ad
1494 4467 1629 4527 aeterna.
1658 4465 1751 4528 Unde

954 4567 1153 4645 praeceptum
1176 4565 1248 4628 erat
1266 4565 1301 4625 in
1318 4565 1405 4640 Lege
1425 4563 1549 4640 Moysis
1571 4563 1607 4623 ut
1627 4562 1748 4640 pisces,

954 4665 1010 4742 qui
1025 4679 1091 4726 non
1106 4661 1230 4723 habent
1243 4661 1405 4738 pennulas
1422 4660 1454 4721 et
1465 4675 1665 4737 squammas,
1683 4675 1750 4721 non

954 4759 1180 4822 comedantur.
1213 4758 1326 4820 Pisces
1360 4758 1438 4818 sunt
1471 4756 1622 4816 homines
1651 4756 1751 4834 hujus

954 4858 1086 4933 mundi;
1102 4853 1255 4934 pennulae
1273 4857 1350 4917 sunt
1365 4853 1581 4915 discretiones
1596 4853 1749 4930 rationis,

953 4956 1006 5018 vel
1022 4956 1137 5016 sancta
1155 4952 1334 5025 desideria,
1356 4968 1429 5029 quae
1448 4950 1572 5012 habent
1592 4951 1671 5013 boni
1690 4952 1753 5014 ho-

955 5053 1061 5114 mines
1087 5051 1128 5112 ad
1153 5051 1301 5113 coelestia
1322 5065 1437 5126 regna.
1466 5051 1652 5127 Squammae
1676 5051 1753 5112 sunt

955 5150 1182 5218 austeritates,
1206 5147 1425 5225 poenitentiae,
1449 5147 1502 5210 vel
1526 5147 1752 5209 continentiae.

955 5248 1069 5309 Pisces
1084 5247 1141 5324 qui
1156 5229 1223 5307 non
1242 5244 1365 5305 habent
1384 5243 1547 5320 pennulas
1567 5245 1600 5307 et
1619 5260 1754 5322 squam-

956 5361 1026 5406 mas
1055 5361 1122 5406 non
1144 5343 1222 5404 sunt
1244 5339 1449 5411 comedendi,
1478 5339 1574 5414 idest,
1600 5341 1752 5417 homines

955 5443 1012 5522 qui
1036 5441 1154 5503 nolunt
1173 5437 1406 5514 transmigrari
1426 5437 1467 5498 de
1482 5437 1545 5500 hoc
1566 5438 1688 5499 mundo
1711 5437 1767 5504 ad,

956 5541 1099 5611 Patrem,
1123 5539 1163 5599 de
1176 5535 1319 5599 terrenis
1330 5534 1371 5596 ad
1382 5535 1542 5604 coelestia,
1558 5536 1598 5596 de
1613 5535 1705 5596 vitiis
1720 5535 1754 5599 et

956 5637 1100 5716 peccatis
1115 5635 1156 5697 ad
1173 5633 1322 5707 virtutes,
1339 5649 1406 5696 non
1421 5633 1499 5695 sunt
1515 5631 1678 5696 imitandi.

1579 5783 1625 5842 29.
