3968 6296
308 325 369 386 643
771 331 947 395 HONORII
969 334 1014 394 ΙΙΙ
1036 335 1183 397 OPERA.
1202 369 1239 381 -
1257 339 1490 402 SERMONES.
1870 357 1918 422 tlt

308 489 495 564 Baptismus
515 504 670 566 magnum
690 491 934 556 sacramentum
953 495 1013 555 est.
1036 496 1100 556 Sa·
1157 495 1202 558 ita
1218 498 1252 559 in
1265 497 1428 577 baptismo
1443 501 1665 580 submergitur
1678 505 1830 585 diabolus,
1843 515 1921 583 itaut

308 589 512 648 crumentum
537 589 646 649 autem
675 591 726 652 est
752 605 855 652 sacrae
879 592 930 653 rei
958 593 1099 667 signum,
1157 610 1223 656 non
1250 596 1438 659 dominetur
1462 597 1498 663 iu
1517 599 1707 677 baptizatis,
1732 607 1794 667 nisi
1813 609 1869 686 ipsi
1890 631 1919 678 se

307 683 408 756 idest,
433 686 563 762 quando
593 702 694 746 unum
717 686 849 749 videtur
874 691 907 750 et
934 689 1023 750 aliud
1049 690 1103 751 in·
1155 691 1321 755 voluerint
1353 697 1425 772 ejus
1451 696 1597 759 dominio
1623 700 1815 778 mancipare.
1843 711 1920 774 Unde

307 781 479 857 telligitur.
502 783 594 844 Sicut
617 783 652 844 in
670 784 834 862 baptismo
853 786 986 849 uidetur
1001 803 1100 865 aqua,
1156 791 1287 867 Moyses
1306 792 1341 852 in
1356 793 1514 855 cantico:
1538 798 1672 858 cunum
1694 801 1877 867 Plzaramu's
1893 813 1919 870 et

307 881 340 940 et
366 879 563 957 intelligitur
576 882 685 958 gratia
707 884 777 944 liei.
798 883 883 944 Nam
908 886 994 947 sicut
1014 901 1100 964 aqua
1155 889 1348 949 accercitum
1359 893 1434 962 ejus
1441 895 1586 966 projecit
1596 896 1632 954 in
1645 909 1741 958 mare
1754 895 1917 978 (Exedra,

306 977 396 1038 lavat
424 979 539 1040 sordes
567 981 716 1056 corporis
744 981 962 1056 extrinsecus,
990 984 1039 1044 sic
1069 985 1101 1046 et
1154 986 1196 1058 4).
1215 987 1338 1048 Currus
1353 987 1540 1050 Pharaonis
1559 992 1729 1056 suntvitia
1743 999 1917 1075 etpeccata;

305 1076 366 1136 Dei
392 1076 501 1152 gratia
529 1077 666 1139 mundat
693 1081 827 1157 peccata
853 1080 973 1141 anima>
1008 1081 1099 1142 inte·
1155 1083 1320 1144 exercitus
1345 1088 1416 1162 ejus
1441 1088 1518 1148 sunt
1538 1087 1807 1170 daemonemque
1826 1101 1917 1160 omnia

305 1175 386 1234 rius,
404 1175 591 1252 Baptismus
611 1177 661 1237 est
679 1177 795 1238 tinctio
818 1177 854 1238 in
869 1193 955 1254 aqua
975 1178 1100 1255 Spiritu
1154 1178 1390 1243 subvertuntur
1412 1183 1446 1244 in
1474 1186 1560 1245 mari
1589 1186 1701 1259 rubro,
1725 1189 1797 1266 quia
1823 1197 1915 1257 omnia

306 1272 426 1333 Sancto
460 1274 663 1345 consecrata,
695 1272 756 1334 sub
784 1273 889 1335 forma
922 1275 1099 1337 uerborum
1153 1279 1287 1353 peccata
1308 1279 1523 1342 destruuntur
1545 1283 1581 1344 in
1597 1284 1764 1361 Baptismo
1784 1291 1917 1365 quantum

304 1369 517 1446 prescripta,
539 1371 714 1432 uidelicet:
740 1375 813 1450 Epo
830 1375 1017 1452 baptizata
1037 1389 1099 1436 no-
1153 1375 1193 1435 ad
1208 1375 1375 1438 hominem
1386 1377 1597 1456 baptizatum,
1610 1381 1918 1459 quiapeccatumnon

304 1470 398 1529 satirae
412 1469 534 1530 Patris
554 1471 586 1530 ci
602 1473 682 1530 Filii
695 1471 728 1531 ei
750 1472 902 1545 Spiritus
916 1473 1045 1532 Sataoti.
1062 1473 1098 1534 Si
1152 1472 1260 1549 potest
1274 1473 1439 1536 dominari
1453 1477 1488 1537 in
1503 1492 1553 1539 eo.
1571 1481 1665 1541 Mare
1679 1479 1810 1543 rubrum
1828 1483 1917 1561 signi-

305 1567 393 1627 enim
415 1566 473 1628 ilat
495 1566 621 1627 ablutio
640 1567 713 1644 siue
736 1567 848 1640 verbo,
864 1584 930 1628 non
952 1570 1002 1630 est
1015 1568 1098 1646 bap-
1151 1569 1229 1632 licat
1248 1569 1449 1648 baptismum
1463 1579 1601 1652 propter
1616 1575 1842 1642 abundantiam
1856 1598 1920 1658 gra-

304 1665 393 1726 tismi
422 1665 664 1725 sacramentum
691 1664 724 1726 et
755 1665 884 1728 modus.
914 1666 1007 1728 Unde
1028 1671 1098 1728 Au·
1150 1669 1283 1742 tiarum,
1300 1669 1385 1746 quod
1403 1673 1454 1733 est
1468 1671 1590 1736 Christi
1610 1675 1770 1751 sanguine
1787 1677 1917 1741 nunca-

302 1763 477 1839 gostinus:
501 1780 519 1823 s
543 1761 651 1824 Verbo
671 1761 835 1839 baptisma
862 1765 1094 1842 consecratum
1150 1763 1235 1838 tum;
1249 1778 1339 1823 mors
1355 1764 1588 1841 AEgyptiorum
1603 1766 1812 1832 abolitionem
1824 1787 1918 1848 pecca·

302 1861 439 1922 detrahe
458 1860 606 1933 verbum,
629 1859 707 1937 quid
727 1861 777 1922 est
797 1877 885 1939 aqua
902 1861 968 1922 nisi
987 1864 1097 1940 aquai
1149 1858 1269 1932 torum,
1284 1859 1438 1924 liberatio
1449 1861 1818 1938 Hebraeorumsalutem
1827 1869 1918 1932 (ibris-

300 1959 436 2020 Accedit
449 1956 586 2020 verbum
606 1957 646 2018 ad
662 1957 861 2020 elementum
876 1959 909 2022 et
923 1959 961 2021 tlt
981 1975 1097 2022 sacra·
1148 1955 1328 2019 tianorum.

300 2056 458 2118 mentum.
471 2056 565 2117 Unde
575 2056 625 2117 est
633 2056 725 2116 tanta
738 2055 844 2117 virtus
857 2072 963 2134 aquae,
978 2058 1014 2120 ut
1026 2073 1096 2119 cor·
1187 2053 1237 2115 Ad
1260 2055 1461 2118 inlusionem
1483 2057 1667 2134 gratiarum
1689 2060 1860 2138 baptismus
1877 2069 1916 2128 est

299 2171 361 2233 pus
374 2153 489 2230 tangat
500 2152 533 2213 et
547 2168 605 2213 cor
614 2152 738 2226 abluat,
750 2152 815 2213 nisi
827 2151 970 2216 iaciente
981 2153 1093 2228 verbo,
1148 2149 1331 2221 institutus,
1357 2153 1394 2215 ut
1419 2169 1478 2230 per
1504 2155 1615 2232 ipsum
1642 2157 1811 2236 multiplex
1829 2163 1915 2236 gratia

298 2268 366 2314 uon
381 2251 458 2328 quia
474 2249 664 2313 dicitursed
679 2251 758 2328 quia
772 2251 928 2314 creditur.
945 2269 964 2312 n
1148 2247 1348 2336 Gbristianis
1384 2250 1635 2316 concederetur.
1673 2255 1765 2318 Unde
1797 2257 1886 2320 David
1907 2275 1914 2316 ι

338 2349 475 2426 Triplici
486 2349 526 2410 de
537 2363 637 2410 causa
650 2347 820 2411 institutus
831 2347 882 2410 est
894 2347 1091 2426 baptismus,
1147 2348 1260 2422 Super
1295 2362 1422 2422 apuam
1459 2351 1660 2425 refectionis
1690 2356 1839 2417 educauit
1861 2369 1913 2419 aa.

298 2446 455 2510 videlicet
477 2444 518 2507 ad
540 2445 749 2523 peccatorum
768 2443 1028 2517 mundationem,
1051 2447 1093 2510 ad
1148 2441 1218 2524 (Ps.
1231 2445 1282 2516 22,
1306 2442 1353 2525 2.)
1373 2446 1563 2523 Baptismus
1588 2448 1711 2512 dicitur
1737 2451 1915 2529 aquarelee-

299 2544 482 2620 gratiarum
495 2542 707 2616 inlusionem,
723 2544 756 2604 et
775 2541 816 2604 ad
830 2543 926 2620 regui
948 2542 1093 2606 coelestis
1147 2540 1260 2615 tionis,
1294 2542 1372 2620 quia
1407 2543 1515 2607 rellcit
1543 2546 1675 2608 animas
1716 2547 1914 2626 spiritualibus

298 2639 527 2719 aperitionem.
543 2639 592 2703 Ad
608 2642 817 2719 peccatorum
832 2640 1091 2713 mundationem,
1146 2639 1330 2714 gratiarum
1354 2639 1618 2705 delectamentis.
1634 2645 1710 2706 Non
1732 2645 1832 2706 solum
1844 2647 1913 2708 enin

299 2739 336 2801 ut
353 2755 413 2815 per
435 2738 633 2817 baptismum
649 2737 744 2800 tieret
757 2738 1092 2818 generalisremissio
1147 2737 1294 2808 mundat,
1311 2737 1370 2799 sed
1390 2738 1423 2801 et
1441 2739 1559 2802 reiicit.
1586 2743 1695 2819 Super
1714 2757 1813 2821 aquas
1829 2743 1914 2805 relec-

298 2836 472 2913 originalis
496 2836 702 2912 actualisque
723 2836 861 2912 peccati.
884 2837 932 2898 De
956 2836 1091 2913 peccato
1145 2833 1246 2896 tionis
1285 2835 1444 2897 educatur
1476 2837 1702 2912 christianus,
1745 2839 1818 2901 dum
1857 2840 1913 2918 post

297 2933 454 3011 originali
471 2931 551 2995 dicit
562 2933 757 3009 Apostolus:
783 2933 880 2994 Sicut
890 2948 959 3008 per
982 2949 1092 2996 uastam
1145 2930 1344 3008 baptismum
1361 2933 1581 3010 spiritualiter
1595 2936 1630 2997 et
1653 2935 1855 3000 invisibiliter
1864 2953 1913 2998 nu·

296 3035 469 3095 bominem
484 3031 665 3106 peccatum
678 3031 825 3093 intravit
844 3033 882 3092 tn
903 3035 1088 3104 mundum,
1145 3030 1245 3091 tritur
1265 3030 1448 3106 gratiarum
1472 3031 1733 3108 delectamentis,
1755 3036 1791 3096 ut
1807 3034 1913 3095 dulas-

295 3130 331 3191 et
340 3145 408 3204 per
416 3129 597 3202 peccatum
611 3142 718 3200 mors,
731 3128 877 3189 ttaeiin
892 3143 1010 3191 omnes
1027 3133 1090 3192 uo·
1145 3125 1199 3188 cat
1223 3125 1255 3188 ei
1285 3126 1443 3205 quidquid
1478 3145 1498 3190 a
1527 3129 1659 3193 Christo
1687 3133 1864 3209 percipitur,
1887 3131 1913 3191 et

294 3233 407 3289 mittes
417 3228 624 3303 pertransit,
644 3229 681 3288 in
704 3239 770 3300 auo
789 3240 907 3288 omnes
921 3241 1089 3302 peccave·
1145 3224 1255 3300 speret
1275 3223 1416 3286 firmiter
1436 3225 1593 3303 quidquid
1615 3228 1822 3305 promittitur.
1845 3227 1911 3289 ilinc

296 3327 382 3388 runt
399 3325 505 3400 (Rom.
521 3339 555 3396 v,
573 3322 637 3402 12).
654 3326 700 3385 De
715 3323 838 3385 actuali
852 3325 988 3401 peccato
1011 3324 1091 3387 dicit
1144 3323 1195 3382 est
1216 3321 1302 3399 quod
1313 3321 1393 3383 alibi
1407 3322 1488 3385 dicit
1499 3323 1603 3385 David
1621 3342 1629 3381 ε
1645 3327 1912 3388 Misitdesumno

295 3425 442 3488 loannes
465 3421 501 3484 in
528 3420 698 3499 Epistola:
730 3423 768 3483 Si
791 3425 987 3484 dixerimus
1009 3425 1090 3498 prata
1144 3420 1178 3481 ei
1198 3420 1406 3497 accepitne,
1433 3422 1467 3482 et
1480 3423 1672 3497 assumpsit
1698 3438 1753 3485 me
1777 3427 1815 3485 de
1835 3424 1912 3496 aquis

292 3521 472 3601 peccatum
491 3534 559 3581 non
578 3522 752 3591 babemus,
769 3521 937 3594 nosipsos
954 3523 1090 3583 seduci-
1143 3518 1271 3580 multis.
1297 3515 1368 3596 (Ps.
1392 3519 1441 3591 17,
1468 3515 1533 3598 17.)
1560 3519 1664 3590 Quasi
1688 3519 1912 3582 diceret:llisit

293 3635 373 3681 mus
394 3620 428 3680 et
448 3619 580 3678 veritas
601 3621 638 3678 in
661 3619 756 3677 notus
775 3631 844 3677 note
867 3617 930 3689 est,
950 3621 1031 3691 quta
1051 3621 1090 3680 in
1144 3614 1184 3675 de
1213 3631 1341 3675 summo
1369 3615 1528 3691 Spiritum
1555 3617 1726 3692 Sanctum,
1754 3619 1784 3680 et
1809 3615 1912 3692 accepit

294 3717 412 3776 muti-is
433 3713 638 3787 offendimus
665 3726 784 3774 omenes
809 3711 838 3792 (Ι
861 3715 957 3774 Joan.
982 3727 1013 3784 1,
1040 3713 1085 3792 8).
1143 3727 1194 3772 me
1209 3712 1245 3772 in
1259 3727 1354 3772 suum
1370 3712 1403 3774 et
1414 3713 1593 3790 assumpsit
1607 3730 1661 3776 me
1673 3715 1714 3777 de
1729 3714 1909 3777 multitudine

296 3809 710 3874 UndeZacbariaszlndie
724 3809 1088 3885 ittaeriifouspatens
1142 3825 1315 3885 aquarum,
1343 3807 1439 3881 idest,
1462 3810 1502 3870 de
1531 3809 1712 3888 baptism03
1740 3812 1794 3890 qui
1813 3810 1910 3872 dicitur

294 3909 535 3971 aonzactbacta
550 3908 584 3968 et
599 3906 829 3969 babitantibus
842 3908 1036 3969 Jerusalem
1049 3910 1087 3969 tn
1142 3905 1316 3967 multitudo
1355 3921 1516 3982 aquarum
1549 3909 1684 3985 propter
1722 3907 1909 3985 multiplicem

292 4003 931 4085 abluitionempeccatomun(Zach.x111‚
950 4006 991 4086 1).
1005 4007 1087 4083 Bap·
1141 4003 1292 4078 gratiam.
1304 4002 1397 4064 Unde
1416 4002 1532 4064 beatus
1546 4006 1752 4080 Augustinus
1764 4023 1771 4062 ε
1782 4001 1909 4066 «Prasia

292 4107 410 4169 tismus
432 4103 553 4165 dicitur
574 4101 659 4174 fons,
688 4101 777 4178 quia,
800 4099 887 4163 sicut
905 4100 978 4162 lons
997 4101 1087 4164 lavat
1141 4108 1271 4176 semper
1292 4101 1362 4160 esto
1385 4100 1493 4175 gratia
1521 4117 1594 4176 quae
1620 4118 1688 4164 non
1717 4103 1833 4165 recedit
1859 4097 1908 4160 nisi

293 4204 407 4267 sordes
446 4198 614 4278 corporis,
654 4199 702 4261 ita
735 4196 919 4275 baptismus
960 4199 1086 4276 Spiritu
1141 4197 1290 4275 expulsa,
1314 4198 1347 4258 et
1371 4213 1438 4258 non
1460 4198 1638 4260 revertitur
1665 4201 1732 4262 nisi
1750 4195 1908 4278 perpoeni-

294 4303 414 4364 Sancto
429 4298 579 4361 movetur
593 4298 627 4358 in
649 4296 800 4373 gratiam.
826 4296 916 4357 Talis
937 4295 1012 4358 lons
1036 4298 1087 4360 est
1140 4295 1319 4357 tentiam.»
1333 4295 1371 4355 Et
1380 4295 1555 4373 Apostolus
1573 4317 1580 4356 :
1597 4300 1773 4359 Habemus
1784 4297 1911 4374 pretium

292 4398 328 4459 in
343 4397 512 4460 ablutione
527 4395 736 4472 peccatorum
749 4393 861 4454 domui
874 4391 988 4466 David,
1001 4395 1087 4457 idest
1138 4408 1203 4468 per
1223 4407 1326 4466 auam
1349 4395 1546 4454 sarciamus
1562 4396 1739 4467 placentes
1761 4399 1828 4456 Deo
1849 4403 1910 4452 cun
1953 4379 1954 4382 ’

293 4495 450 4558 Ecclesiae
490 4491 623 4552 Christi.
655 4489 759 4552 David
795 4490 884 4550 enim
921 4491 1086 4566 significat
1140 4491 1503 4552 nzettaetreacrcntia.
1521 4487 1795 4569 (Hebr.x11,28.)

294 4593 481 4666 Christum3
498 4590 614 4651 domus
638 4591 711 4666 eJ'us
735 4587 786 4650 est
807 4587 967 4649 Ecclesia.
991 4589 1085 4652 Unde
1179 4586 1425 4662 Quadripertita
1449 4586 1499 4647 est
1517 4587 1626 4662 gratia
1654 4589 1725 4650 Dei.
1752 4589 1855 4649 Prima
1873 4583 1909 4644 ast
1952 4639 1953 4642 ,

173 4675 176 4682 ’
293 4690 495 4768 Apostolus:
533 4687 689 4750 Carisius
725 4687 889 4760 tanquam
925 4686 1017 4758 ficitas
1047 4688 1086 4748 in
1140 4699 1293 4760 operans
1311 4683 1456 4744 secunda
1478 4699 1671 4760 cooperans,
1698 4680 1909 4748 tortiaconlir-
1952 4645 1953 4719 l

292 4791 484 4858 damasum
501 4787 583 4851 Quare
596 4787 716 4845 deintus
729 4798 850 4845 sumus
864 4797 937 4856 nos,
950 4785 981 4844 si
1002 4785 1086 4855 fidu·
1139 4795 1244 4850 mans,
1270 4779 1387 4855 quarta
1412 4795 1641 4842 remunerans.
1671 4785 1738 4844 Per
1760 4783 1908 4860 primane

291 4882 423 4943 ciamet
433 4885 579 4956 pieriam
589 4885 662 4955 spei
672 4882 934 4954 massmannum
944 4882 1085 4953 firmam
1139 4876 1283 4954 peccatis
1297 4875 1506 4944 revertimur,
1522 4894 1582 4954 per
1596 4879 1775 4942 secundam
1797 4879 1849 4941 Dei
1863 4873 1908 4935 ad·
1951 4939 1952 4944 ἵ

291 4979 506 5040 retineamus
530 4975 643 5054 (Hebr.
666 4991 716 5044 111,
743 4975 789 5054 6).
812 4977 902 5037 Idem
924 4978 974 5038 est
998 4977 1084 5055 quod
1135 4976 1264 5050 Jutores
1279 4971 1451 5044 efficimur,
1466 4989 1524 5050 per
1534 4975 1665 5038 tertiam
1680 4977 1717 5038 in
1732 4977 1815 5039 bono
1829 4984 1907 5052 opere
1951 4947 1952 5038 l

293 5075 414 5136 dicitur
439 5073 624 5136 Jerusalem
650 5071 886 5144 babitantibus,
919 5074 996 5151 quia
1022 5077 1086 5136 Ec·
1139 5071 1390 5142 confirmamur,
1422 5085 1482 5146 per
1522 5074 1673 5149 quartam
1704 5075 1738 5136 in
1771 5075 1904 5136 aeteman

292 5173 394 5236 clesia
409 5171 460 5234 esi
473 5169 657 5235 Jerusalem
673 5168 790 5230 civitas
804 5170 894 5246 regis
916 5171 1027 5246 magni
1051 5171 1085 5234 et
1139 5167 1374 5230 beatitudinem
1395 5182 1658 5243 remuneramur,
1685 5172 1726 5234 ad
1748 5170 1836 5248 regni
1853 5181 1906 5230 ce-
1950 5203 1951 5222 .

291 5269 407 5331 domus
416 5269 549 5340 Christi,
560 5267 715 5344 dumipso
723 5265 1081 5340 regenteinhabitatur.
1137 5264 1232 5328 lestis
1244 5265 1495 5342 apparitionem.
1513 5267 1605 5330 Sicut
1619 5269 1760 5345 legimus
1771 5269 1805 5330 in
1818 5269 1907 5328 Euan·

291 5370 361 5429 Hoc
376 5365 597 5443 significatum
612 5365 672 5436 est,
690 5362 820 5442 quando
837 5361 871 5423 in
885 5363 970 5425 mari
983 5365 1083 5428 rubro
1138 5363 1236 5440 gello,
1253 5362 1349 5440 quod,
1372 5361 1535 5441 baptizato
1551 5367 1702 5440 Domino,
1727 5366 1800 5429 coeli
1821 5357 1905 5441 aperti
1949 5421 1950 5432 ,

291 5465 413 5527 mortui
430 5463 507 5524 sunt
520 5461 669 5539 AEgyptii
691 5463 723 5523 et
741 5462 920 5523 evaserunt
938 5462 1082 5526 Hebraei.
1138 5460 1214 5522 sunt
1229 5476 1328 5536 super
1340 5475 1427 5522 eum.
1444 5461 1608 5523 Ezechieli
1621 5480 1750 5543 quoque
1759 5462 1849 5541 Juxta
1862 5455 1906 5517 llu-

290 5566 383 5625 Mare
405 5559 541 5623 rubrum
570 5558 736 5634 significat
759 5557 974 5636 baptismum,
1005 5561 1082 5637 quia
1137 5559 1227 5618 rium
1241 5559 1316 5619 coeli
1331 5559 1436 5636 aperti
1456 5561 1541 5632 sunt,
1568 5561 1745 5624 uitalibus
1769 5551 1905 5632 exemplis

291 5661 376 5723 sicut
396 5661 428 5722 in
445 5659 529 5721 mari
544 5656 643 5718 rubro
664 5655 854 5718 submersus
874 5658 924 5719 est
937 5657 1080 5729 Pharao,
1137 5655 1381 5744 ostenderetur,
1428 5672 1531 5732 regna
1566 5659 1712 5722 coelestia
1755 5649 1904 5735 baptizatis
