<?xml version="1.0" encoding="UTF-8"?>
<!DOCTYPE html PUBLIC "-//W3C//DTD XHTML 1.0 Transitional//EN"
    "http://www.w3.org/TR/xhtml1/DTD/xhtml1-transitional.dtd">
<html xmlns="http://www.w3.org/1999/xhtml" xml:lang="en" lang="en">
 <head>
  <title>
</title>
<meta http-equiv="Content-Type" content="text/html;charset=utf-8" />
  <meta name='ocr-system' content='tesseract 3.04.00' />
  <meta name='ocr-capabilities' content='ocr_page ocr_carea ocr_par ocr_line ocrx_word'/>
</head>
<body>
  <div class='ocr_page' id='page_1' title='image "./mediiaevibiblio03unkngoog_0426.png"; bbox 0 0 4004 6302; ppageno 0'>
   <div class='ocr_carea' id='block_1_1' title="bbox 87 253 1749 336">
    <p class='ocr_par' dir='ltr' id='par_1_1' title="bbox 87 253 1749 336">
     <span class='ocr_line' id='line_1_1' title="bbox 87 253 1749 336; baseline -0.002 -19"><span class='ocrx_word' id='word_1_1' title='bbox 87 256 146 318; x_wconf 76' lang='lat' dir='ltr'>tes</span> <span class='ocrx_word' id='word_1_2' title='bbox 515 255 559 318; x_wconf 75' lang='lat' dir='ltr'>ln</span> <span class='ocrx_word' id='word_1_3' title='bbox 581 253 919 336; x_wconf 76' lang='lat' dir='ltr'>Quanuaessliht.</span> <span class='ocrx_word' id='word_1_4' title='bbox 942 254 1148 318; x_wconf 70' lang='lat' dir='ltr'>hostiumr.</span> <span class='ocrx_word' id='word_1_5' title='bbox 1168 254 1331 322; x_wconf 81' lang='lat' dir='ltr'>TERTIA.</span> <span class='ocrx_word' id='word_1_6' title='bbox 1375 321 1377 326; x_wconf 60' lang='grc'><strong>,</strong></span> <span class='ocrx_word' id='word_1_7' title='bbox 1686 255 1749 316; x_wconf 79' lang='lat' dir='ltr'>tiu</span> 
     </span>
    </p>
   </div>
   <div class='ocr_carea' id='block_1_2' title="bbox 81 405 1819 5102">
    <p class='ocr_par' dir='ltr' id='par_1_2' title="bbox 81 405 1819 5102">
     <span class='ocr_line' id='line_1_2' title="bbox 86 405 1746 495; baseline -0.001 -17"><span class='ocrx_word' id='word_1_8' title='bbox 86 415 248 480; x_wconf 77' lang='lat' dir='ltr'>sanctam</span> <span class='ocrx_word' id='word_1_9' title='bbox 272 413 456 481; x_wconf 76' lang='lat' dir='ltr'><strong>Ecclesiam</strong></span> <span class='ocrx_word' id='word_1_10' title='bbox 475 431 549 495; x_wconf 88' lang='lat' dir='ltr'>quae</span> <span class='ocrx_word' id='word_1_11' title='bbox 572 415 775 494; x_wconf 87' lang='lat' dir='ltr'>speculatur,</span> <span class='ocrx_word' id='word_1_12' title='bbox 795 415 891 489; x_wconf 85' lang='lat' dir='ltr'>idest,</span> <span class='ocrx_word' id='word_1_13' title='bbox 947 414 1060 480; x_wconf 88' lang='lat' dir='ltr'>Prima</span> <span class='ocrx_word' id='word_1_14' title='bbox 1072 415 1236 480; x_wconf 85' lang='lat' dir='ltr'>causaest</span> <span class='ocrx_word' id='word_1_15' title='bbox 1250 414 1328 494; x_wconf 87' lang='lat' dir='ltr'>qula</span> <span class='ocrx_word' id='word_1_16' title='bbox 1342 409 1536 495; x_wconf 62' lang='lat' dir='ltr'>nisenus,</span> <span class='ocrx_word' id='word_1_17' title='bbox 1550 411 1646 488; x_wconf 89' lang='lat' dir='ltr'>idest,</span> <span class='ocrx_word' id='word_1_18' title='bbox 1659 405 1746 476; x_wconf 80' lang='lat' dir='ltr'>iutei</span> 
     </span>
     <span class='ocr_line' id='line_1_3' title="bbox 83 509 1746 594; baseline -0.001 -18"><span class='ocrx_word' id='word_1_19' title='bbox 83 515 343 594; x_wconf 75' lang='lat' dir='ltr'>contemplatur</span> <span class='ocrx_word' id='word_1_20' title='bbox 359 509 517 578; x_wconf 85' lang='lat' dir='ltr'>coelestia.</span> <span class='ocrx_word' id='word_1_21' title='bbox 540 514 626 576; x_wconf 90' lang='lat' dir='ltr'>Filia</span> <span class='ocrx_word' id='word_1_22' title='bbox 642 515 724 576; x_wconf 91' lang='lat' dir='ltr'>Sion</span> <span class='ocrx_word' id='word_1_23' title='bbox 742 515 892 578; x_wconf 87' lang='lat' dir='ltr'>estuna-</span> <span class='ocrx_word' id='word_1_24' title='bbox 948 513 1071 590; x_wconf 86' lang='lat' dir='ltr'>primas</span> <span class='ocrx_word' id='word_1_25' title='bbox 1095 515 1266 578; x_wconf 90' lang='lat' dir='ltr'>creaturas</span> <span class='ocrx_word' id='word_1_26' title='bbox 1294 514 1477 592; x_wconf 88' lang='lat' dir='ltr'>praecipua,</span> <span class='ocrx_word' id='word_1_27' title='bbox 1503 513 1582 590; x_wconf 89' lang='lat' dir='ltr'>quia</span> <span class='ocrx_word' id='word_1_28' title='bbox 1607 512 1746 574; x_wconf 80' lang='lat' dir='ltr'><strong>meliora</strong></span> 
     </span>
     <span class='ocr_line' id='line_1_4' title="bbox 84 611 1748 691; baseline -0.001 -18"><span class='ocrx_word' id='word_1_29' title='bbox 84 629 233 690; x_wconf 75' lang='lat' dir='ltr'>quasque</span> <span class='ocrx_word' id='word_1_30' title='bbox 242 615 371 686; x_wconf 90' lang='lat' dir='ltr'>anima,</span> <span class='ocrx_word' id='word_1_31' title='bbox 382 613 543 691; x_wconf 79' lang='lat' dir='ltr'>quatunc</span> <span class='ocrx_word' id='word_1_32' title='bbox 553 613 750 690; x_wconf 79' lang='lat' dir='ltr'>captivatur,</span> <span class='ocrx_word' id='word_1_33' title='bbox 762 612 893 690; x_wconf 91' lang='lat' dir='ltr'>quaudo</span> <span class='ocrx_word' id='word_1_34' title='bbox 946 611 1033 673; x_wconf 88' lang='lat' dir='ltr'>hona</span> <span class='ocrx_word' id='word_1_35' title='bbox 1049 611 1214 675; x_wconf 90' lang='lat' dir='ltr'>naturalia</span> <span class='ocrx_word' id='word_1_36' title='bbox 1228 612 1381 690; x_wconf 89' lang='lat' dir='ltr'>recepita</span> <span class='ocrx_word' id='word_1_37' title='bbox 1390 612 1528 674; x_wconf 89' lang='lat' dir='ltr'>Domino</span> <span class='ocrx_word' id='word_1_38' title='bbox 1541 612 1575 672; x_wconf 93' lang='lat' dir='ltr'>in</span> <span class='ocrx_word' id='word_1_39' title='bbox 1592 611 1644 672; x_wconf 89' lang='lat' dir='ltr'>sui</span> <span class='ocrx_word' id='word_1_40' title='bbox 1657 626 1748 672; x_wconf 89' lang='lat' dir='ltr'>crea·</span> 
     </span>
     <span class='ocr_line' id='line_1_5' title="bbox 83 709 1748 788; baseline -0.001 -16"><span class='ocrx_word' id='word_1_41' title='bbox 83 726 142 788; x_wconf 88' lang='lat' dir='ltr'>per</span> <span class='ocrx_word' id='word_1_42' title='bbox 171 712 358 788; x_wconf 88' lang='lat' dir='ltr'>peccatum</span> <span class='ocrx_word' id='word_1_43' title='bbox 386 711 421 773; x_wconf 94' lang='lat' dir='ltr'>in</span> <span class='ocrx_word' id='word_1_44' title='bbox 455 710 617 788; x_wconf 77' lang='lat' dir='ltr'><strong>potestate</strong></span> <span class='ocrx_word' id='word_1_45' title='bbox 654 710 893 772; x_wconf 89' lang='lat' dir='ltr'>daemoniorum</span> <span class='ocrx_word' id='word_1_46' title='bbox 947 709 1056 782; x_wconf 92' lang='lat' dir='ltr'>tione,</span> <span class='ocrx_word' id='word_1_47' title='bbox 1082 725 1181 788; x_wconf 85' lang='lat' dir='ltr'>quam</span> <span class='ocrx_word' id='word_1_48' title='bbox 1204 709 1290 772; x_wconf 91' lang='lat' dir='ltr'>alius</span> <span class='ocrx_word' id='word_1_49' title='bbox 1312 710 1451 788; x_wconf 82' lang='lat' dir='ltr'><strong>angelus</strong></span> <span class='ocrx_word' id='word_1_50' title='bbox 1473 711 1531 774; x_wconf 87' lang='lat' dir='ltr'>aut</span> <span class='ocrx_word' id='word_1_51' title='bbox 1556 725 1655 788; x_wconf 89' lang='lat' dir='ltr'>quam</span> <span class='ocrx_word' id='word_1_52' title='bbox 1679 710 1748 771; x_wconf 91' lang='lat' dir='ltr'>alia</span> 
     </span>
     <span class='ocr_line' id='line_1_6' title="bbox 85 806 1747 888; baseline 0.001 -20"><span class='ocrx_word' id='word_1_53' title='bbox 85 808 197 869; x_wconf 90' lang='lat' dir='ltr'>datur.</span> <span class='ocrx_word' id='word_1_54' title='bbox 223 810 375 871; x_wconf 85' lang='lat' dir='ltr'>Vincula</span> <span class='ocrx_word' id='word_1_55' title='bbox 389 808 466 871; x_wconf 90' lang='lat' dir='ltr'>colli</span> <span class='ocrx_word' id='word_1_56' title='bbox 479 811 551 886; x_wconf 83' lang='lat' dir='ltr'>ejus</span> <span class='ocrx_word' id='word_1_57' title='bbox 566 809 644 871; x_wconf 89' lang='lat' dir='ltr'>sunt</span> <span class='ocrx_word' id='word_1_58' title='bbox 658 811 805 886; x_wconf 87' lang='lat' dir='ltr'>peccata,</span> <span class='ocrx_word' id='word_1_59' title='bbox 821 825 893 888; x_wconf 78' lang='lat' dir='ltr'>quae</span> <span class='ocrx_word' id='word_1_60' title='bbox 948 809 1112 880; x_wconf 89' lang='lat' dir='ltr'>creatura,</span> <span class='ocrx_word' id='word_1_61' title='bbox 1138 809 1216 870; x_wconf 92' lang='lat' dir='ltr'>licet</span> <span class='ocrx_word' id='word_1_62' title='bbox 1237 808 1297 870; x_wconf 92' lang='lat' dir='ltr'>alii</span> <span class='ocrx_word' id='word_1_63' title='bbox 1314 808 1426 884; x_wconf 81' lang='lat' dir='ltr'>angeli</span> <span class='ocrx_word' id='word_1_64' title='bbox 1446 823 1560 870; x_wconf 89' lang='lat' dir='ltr'>omnes</span> <span class='ocrx_word' id='word_1_65' title='bbox 1576 808 1645 870; x_wconf 89' lang='lat' dir='ltr'>tam</span> <span class='ocrx_word' id='word_1_66' title='bbox 1667 806 1747 869; x_wconf 89' lang='lat' dir='ltr'>boui</span> 
     </span>
     <span class='ocr_line' id='line_1_7' title="bbox 82 904 1759 984; baseline 0.001 -18"><span class='ocrx_word' id='word_1_67' title='bbox 82 904 285 982; x_wconf 87' lang='lat' dir='ltr'>impediunt</span> <span class='ocrx_word' id='word_1_68' title='bbox 293 921 335 966; x_wconf 92' lang='lat' dir='ltr'>ne</span> <span class='ocrx_word' id='word_1_69' title='bbox 348 905 518 982; x_wconf 87' lang='lat' dir='ltr'>peccatum</span> <span class='ocrx_word' id='word_1_70' title='bbox 528 921 607 968; x_wconf 85' lang='lat' dir='ltr'>vere</span> <span class='ocrx_word' id='word_1_71' title='bbox 617 905 721 982; x_wconf 90' lang='lat' dir='ltr'>possit</span> <span class='ocrx_word' id='word_1_72' title='bbox 731 904 892 977; x_wconf 83' lang='lat' dir='ltr'>confiteri,</span> <span class='ocrx_word' id='word_1_73' title='bbox 949 921 1047 984; x_wconf 86' lang='lat' dir='ltr'>quam</span> <span class='ocrx_word' id='word_1_74' title='bbox 1062 906 1141 966; x_wconf 90' lang='lat' dir='ltr'>mali</span> <span class='ocrx_word' id='word_1_75' title='bbox 1153 905 1279 968; x_wconf 83' lang='lat' dir='ltr'>similes</span> <span class='ocrx_word' id='word_1_76' title='bbox 1292 921 1366 968; x_wconf 90' lang='lat' dir='ltr'>curn</span> <span class='ocrx_word' id='word_1_77' title='bbox 1383 922 1422 969; x_wconf 92' lang='lat' dir='ltr'>eo</span> <span class='ocrx_word' id='word_1_78' title='bbox 1437 904 1561 968; x_wconf 89' lang='lat' dir='ltr'>fuerint</span> <span class='ocrx_word' id='word_1_79' title='bbox 1578 905 1693 968; x_wconf 86' lang='lat' dir='ltr'>creati.</span> <span class='ocrx_word' id='word_1_80' title='bbox 1707 905 1759 968; x_wconf 90' lang='lat' dir='ltr'>Et</span> 
     </span>
     <span class='ocr_line' id='line_1_8' title="bbox 82 1002 1750 1082; baseline 0.001 -18"><span class='ocrx_word' id='word_1_81' title='bbox 82 1002 140 1064; x_wconf 90' lang='lat' dir='ltr'>sed</span> <span class='ocrx_word' id='word_1_82' title='bbox 155 1003 297 1064; x_wconf 89' lang='lat' dir='ltr'>dicitur</span> <span class='ocrx_word' id='word_1_83' title='bbox 309 1003 476 1082; x_wconf 80' lang='lat' dir='ltr'>peccatori</span> <span class='ocrx_word' id='word_1_84' title='bbox 496 1003 532 1065; x_wconf 92' lang='lat' dir='ltr'>ut</span> <span class='ocrx_word' id='word_1_85' title='bbox 550 1003 658 1066; x_wconf 87' lang='lat' dir='ltr'>solvat</span> <span class='ocrx_word' id='word_1_86' title='bbox 670 1003 805 1065; x_wconf 87' lang='lat' dir='ltr'>vincula</span> <span class='ocrx_word' id='word_1_87' title='bbox 818 1002 894 1066; x_wconf 90' lang='lat' dir='ltr'>colli</span> <span class='ocrx_word' id='word_1_88' title='bbox 948 1003 1022 1065; x_wconf 93' lang='lat' dir='ltr'>ideo</span> <span class='ocrx_word' id='word_1_89' title='bbox 1036 1003 1157 1065; x_wconf 90' lang='lat' dir='ltr'>dicitur</span> <span class='ocrx_word' id='word_1_90' title='bbox 1175 1003 1293 1081; x_wconf 89' lang='lat' dir='ltr'>prima,</span> <span class='ocrx_word' id='word_1_91' title='bbox 1318 1020 1384 1066; x_wconf 93' lang='lat' dir='ltr'>non</span> <span class='ocrx_word' id='word_1_92' title='bbox 1406 1005 1484 1081; x_wconf 89' lang='lat' dir='ltr'>quia</span> <span class='ocrx_word' id='word_1_93' title='bbox 1498 1005 1637 1066; x_wconf 87' lang='lat' dir='ltr'>caeteras</span> <span class='ocrx_word' id='word_1_94' title='bbox 1652 1019 1750 1066; x_wconf 92' lang='lat' dir='ltr'>crea-</span> 
     </span>
     <span class='ocr_line' id='line_1_9' title="bbox 83 1099 1749 1183; baseline 0.002 -23"><span class='ocrx_word' id='word_1_95' title='bbox 83 1100 147 1172; x_wconf 91' lang='lat' dir='ltr'>sui,</span> <span class='ocrx_word' id='word_1_96' title='bbox 178 1101 289 1175; x_wconf 90' lang='lat' dir='ltr'>idest,</span> <span class='ocrx_word' id='word_1_97' title='bbox 315 1101 451 1164; x_wconf 92' lang='lat' dir='ltr'>mundet</span> <span class='ocrx_word' id='word_1_98' title='bbox 476 1101 713 1164; x_wconf 87' lang='lat' dir='ltr'>conscientiam</span> <span class='ocrx_word' id='word_1_99' title='bbox 735 1117 829 1162; x_wconf 87' lang='lat' dir='ltr'>suam</span> <span class='ocrx_word' id='word_1_100' title='bbox 853 1099 894 1162; x_wconf 92' lang='lat' dir='ltr'>ah</span> <span class='ocrx_word' id='word_1_101' title='bbox 948 1103 1041 1163; x_wconf 85' lang='lat' dir='ltr'>iuras</span> <span class='ocrx_word' id='word_1_102' title='bbox 1057 1101 1181 1163; x_wconf 89' lang='lat' dir='ltr'>similes</span> <span class='ocrx_word' id='word_1_103' title='bbox 1196 1102 1405 1179; x_wconf 88' lang='lat' dir='ltr'>praecesserit</span> <span class='ocrx_word' id='word_1_104' title='bbox 1418 1101 1685 1183; x_wconf 88' lang='lat' dir='ltr'>(intelligendum</span> <span class='ocrx_word' id='word_1_105' title='bbox 1697 1102 1749 1164; x_wconf 90' lang='lat' dir='ltr'>est</span> 
     </span>
     <span class='ocr_line' id='line_1_10' title="bbox 82 1197 1750 1280; baseline 0.002 -22"><span class='ocrx_word' id='word_1_106' title='bbox 82 1198 251 1259; x_wconf 86' lang='lat' dir='ltr'>omnibus</span> <span class='ocrx_word' id='word_1_107' title='bbox 265 1199 357 1262; x_wconf 80' lang='lat' dir='ltr'>uitiis</span> <span class='ocrx_word' id='word_1_108' title='bbox 369 1201 404 1261; x_wconf 91' lang='lat' dir='ltr'>et</span> <span class='ocrx_word' id='word_1_109' title='bbox 416 1199 561 1277; x_wconf 90' lang='lat' dir='ltr'>peccatis</span> <span class='ocrx_word' id='word_1_110' title='bbox 579 1215 639 1277; x_wconf 89' lang='lat' dir='ltr'>per</span> <span class='ocrx_word' id='word_1_111' title='bbox 652 1197 894 1262; x_wconf 87' lang='lat' dir='ltr'>confessionem</span> <span class='ocrx_word' id='word_1_112' title='bbox 949 1201 1117 1262; x_wconf 87' lang='lat' dir='ltr'>creatione</span> <span class='ocrx_word' id='word_1_113' title='bbox 1141 1199 1281 1280; x_wconf 90' lang='lat' dir='ltr'>similes)</span> <span class='ocrx_word' id='word_1_114' title='bbox 1295 1200 1343 1262; x_wconf 90' lang='lat' dir='ltr'>ita</span> <span class='ocrx_word' id='word_1_115' title='bbox 1364 1199 1419 1262; x_wconf 92' lang='lat' dir='ltr'>hio</span> <span class='ocrx_word' id='word_1_116' title='bbox 1438 1200 1569 1262; x_wconf 89' lang='lat' dir='ltr'>haerens</span> <span class='ocrx_word' id='word_1_117' title='bbox 1589 1200 1664 1278; x_wconf 91' lang='lat' dir='ltr'>lego</span> <span class='ocrx_word' id='word_1_118' title='bbox 1688 1200 1750 1262; x_wconf 90' lang='lat' dir='ltr'>ab·</span> 
     </span>
     <span class='ocr_line' id='line_1_11' title="bbox 82 1296 1749 1380; baseline 0.001 -22"><span class='ocrx_word' id='word_1_119' title='bbox 82 1296 115 1358; x_wconf 86' lang='lat' dir='ltr'>et</span> <span class='ocrx_word' id='word_1_120' title='bbox 128 1297 387 1376; x_wconf 75' lang='lat' dir='ltr'>paenitentiam.</span> <span class='ocrx_word' id='word_1_121' title='bbox 405 1297 487 1371; x_wconf 90' lang='lat' dir='ltr'>Quia</span> <span class='ocrx_word' id='word_1_122' title='bbox 511 1297 598 1360; x_wconf 91' lang='lat' dir='ltr'>sicut</span> <span class='ocrx_word' id='word_1_123' title='bbox 618 1297 699 1360; x_wconf 87' lang='lat' dir='ltr'>dicit</span> <span class='ocrx_word' id='word_1_124' title='bbox 718 1297 892 1360; x_wconf 83' lang='lat' dir='ltr'>Ezechiel:</span> <span class='ocrx_word' id='word_1_125' title='bbox 949 1296 1176 1360; x_wconf 89' lang='lat' dir='ltr'>brevationem</span> <span class='ocrx_word' id='word_1_126' title='bbox 1195 1299 1228 1360; x_wconf 91' lang='lat' dir='ltr'>S.</span> <span class='ocrx_word' id='word_1_127' title='bbox 1250 1315 1324 1380; x_wconf 86' lang='lat' dir='ltr'>quae</span> <span class='ocrx_word' id='word_1_128' title='bbox 1340 1299 1452 1360; x_wconf 90' lang='lat' dir='ltr'>tamen</span> <span class='ocrx_word' id='word_1_129' title='bbox 1464 1299 1500 1360; x_wconf 92' lang='lat' dir='ltr'>ut</span> <span class='ocrx_word' id='word_1_130' title='bbox 1520 1298 1698 1376; x_wconf 86' lang='lat' dir='ltr'>plurimum</span> <span class='ocrx_word' id='word_1_131' title='bbox 1712 1299 1749 1360; x_wconf 93' lang='lat' dir='ltr'>in</span> 
     </span>
     <span class='ocr_line' id='line_1_12' title="bbox 82 1396 1751 1474; baseline -0.002 -13"><span class='ocrx_word' id='word_1_132' title='bbox 82 1397 325 1470; x_wconf 71' lang='lat' dir='ltr'>Quascumque</span> <span class='ocrx_word' id='word_1_133' title='bbox 338 1400 425 1458; x_wconf 76' lang='lat' dir='ltr'>liora</span> <span class='ocrx_word' id='word_1_134' title='bbox 429 1397 593 1470; x_wconf 81' lang='lat' dir='ltr'>peccator</span> <span class='ocrx_word' id='word_1_135' title='bbox 602 1397 777 1470; x_wconf 77' lang='lat' dir='ltr'>consessus</span> <span class='ocrx_word' id='word_1_136' title='bbox 787 1397 896 1470; x_wconf 79' lang='lat' dir='ltr'>tuerit</span> <span class='ocrx_word' id='word_1_137' title='bbox 949 1396 1538 1474; x_wconf 55' lang='grc'><strong>11801011110111911,1001910010</strong></span> <span class='ocrx_word' id='word_1_138' title='bbox 1552 1397 1645 1459; x_wconf 88' lang='lat' dir='ltr'>nulla</span> <span class='ocrx_word' id='word_1_139' title='bbox 1660 1412 1751 1460; x_wconf 91' lang='lat' dir='ltr'>crea·</span> 
     </span>
     <span class='ocr_line' id='line_1_13' title="bbox 81 1493 1749 1572; baseline 0.002 -18"><span class='ocrx_word' id='word_1_140' title='bbox 81 1493 117 1554; x_wconf 89' lang='lat' dir='ltr'>et</span> <span class='ocrx_word' id='word_1_141' title='bbox 136 1495 264 1570; x_wconf 70' lang='lat' dir='ltr'>egerit</span> <span class='ocrx_word' id='word_1_142' title='bbox 280 1493 532 1568; x_wconf 81' lang='lat' dir='ltr'>poerritenttom,</span> <span class='ocrx_word' id='word_1_143' title='bbox 554 1496 708 1554; x_wconf 84' lang='lat' dir='ltr'>omnium</span> <span class='ocrx_word' id='word_1_144' title='bbox 731 1495 897 1568; x_wconf 65' lang='lat' dir='ltr'>iniquia-</span> <span class='ocrx_word' id='word_1_145' title='bbox 950 1494 1024 1556; x_wconf 88' lang='lat' dir='ltr'>tura</span> <span class='ocrx_word' id='word_1_146' title='bbox 1039 1493 1214 1557; x_wconf 88' lang='lat' dir='ltr'>rationalis</span> <span class='ocrx_word' id='word_1_147' title='bbox 1230 1495 1402 1572; x_wconf 84' lang='lat' dir='ltr'>praecessit</span> <span class='ocrx_word' id='word_1_148' title='bbox 1414 1495 1583 1558; x_wconf 87' lang='lat' dir='ltr'>creatione</span> <span class='ocrx_word' id='word_1_149' title='bbox 1600 1496 1670 1557; x_wconf 88' lang='lat' dir='ltr'>sive</span> <span class='ocrx_word' id='word_1_150' title='bbox 1685 1495 1749 1557; x_wconf 91' lang='lat' dir='ltr'>do-</span> 
     </span>
     <span class='ocr_line' id='line_1_14' title="bbox 84 1589 1751 1672; baseline 0.002 -21"><span class='ocrx_word' id='word_1_151' title='bbox 84 1591 161 1651; x_wconf 86' lang='lat' dir='ltr'>tum</span> <span class='ocrx_word' id='word_1_152' title='bbox 174 1593 264 1664; x_wconf 83' lang='lat' dir='ltr'>ejus</span> <span class='ocrx_word' id='word_1_153' title='bbox 278 1606 347 1654; x_wconf 80' lang='lat' dir='ltr'>nori</span> <span class='ocrx_word' id='word_1_154' title='bbox 358 1595 566 1654; x_wconf 79' lang='lat' dir='ltr'>recordabor</span> <span class='ocrx_word' id='word_1_155' title='bbox 583 1589 716 1670; x_wconf 80' lang='lat' dir='ltr'>(Erech.</span> <span class='ocrx_word' id='word_1_156' title='bbox 731 1607 829 1664; x_wconf 90' lang='lat' dir='ltr'>xvrn,</span> <span class='ocrx_word' id='word_1_157' title='bbox 843 1593 893 1664; x_wconf 85' lang='lat'>21,</span> <span class='ocrx_word' id='word_1_158' title='bbox 950 1591 1013 1654; x_wconf 92' lang='lat' dir='ltr'>nis.</span> <span class='ocrx_word' id='word_1_159' title='bbox 1034 1592 1121 1655; x_wconf 85' lang='lat' dir='ltr'>Hinc</span> <span class='ocrx_word' id='word_1_160' title='bbox 1139 1595 1190 1655; x_wconf 91' lang='lat' dir='ltr'>est</span> <span class='ocrx_word' id='word_1_161' title='bbox 1208 1593 1295 1672; x_wconf 89' lang='lat' dir='ltr'>quod</span> <span class='ocrx_word' id='word_1_162' title='bbox 1315 1594 1356 1656; x_wconf 92' lang='lat' dir='ltr'>de</span> <span class='ocrx_word' id='word_1_163' title='bbox 1376 1595 1544 1668; x_wconf 89' lang='lat' dir='ltr'>Beamoth,</span> <span class='ocrx_word' id='word_1_164' title='bbox 1565 1593 1629 1656; x_wconf 93' lang='lat' dir='ltr'>hoc</span> <span class='ocrx_word' id='word_1_165' title='bbox 1644 1594 1696 1658; x_wconf 90' lang='lat' dir='ltr'>est</span> <span class='ocrx_word' id='word_1_166' title='bbox 1710 1594 1751 1655; x_wconf 91' lang='lat' dir='ltr'>de</span> 
     </span>
     <span class='ocr_line' id='line_1_15' title="bbox 82 1687 1753 1768; baseline 0.004 -20"><span class='ocrx_word' id='word_1_167' title='bbox 82 1687 149 1768; x_wconf 80' lang='lat'>22).</span> <span class='ocrx_word' id='word_1_168' title='bbox 168 1690 263 1751; x_wconf 88' lang='lat' dir='ltr'>Item</span> <span class='ocrx_word' id='word_1_169' title='bbox 279 1711 288 1751; x_wconf 87' lang='lat'>:</span> <span class='ocrx_word' id='word_1_170' title='bbox 302 1692 399 1762; x_wconf 73' lang='lat' dir='ltr'>Diri,</span> <span class='ocrx_word' id='word_1_171' title='bbox 411 1691 605 1764; x_wconf 77' lang='lat' dir='ltr'>confitetor,</span> <span class='ocrx_word' id='word_1_172' title='bbox 624 1690 658 1754; x_wconf 86' lang='lat' dir='ltr'>et</span> <span class='ocrx_word' id='word_1_173' title='bbox 671 1691 709 1754; x_wconf 84' lang='lat' dir='ltr'>iu</span> <span class='ocrx_word' id='word_1_174' title='bbox 726 1691 895 1756; x_wconf 74' lang='lat' dir='ltr'>remisisti</span> <span class='ocrx_word' id='word_1_175' title='bbox 950 1690 1114 1764; x_wconf 90' lang='lat' dir='ltr'>Lucifero,</span> <span class='ocrx_word' id='word_1_176' title='bbox 1126 1691 1285 1753; x_wconf 88' lang='lat' dir='ltr'>Dominus</span> <span class='ocrx_word' id='word_1_177' title='bbox 1295 1692 1337 1753; x_wconf 90' lang='lat' dir='ltr'>ad</span> <span class='ocrx_word' id='word_1_178' title='bbox 1347 1691 1409 1755; x_wconf 88' lang='lat' dir='ltr'>Joh</span> <span class='ocrx_word' id='word_1_179' title='bbox 1420 1692 1489 1754; x_wconf 85' lang='lat' dir='ltr'>ait:</span> <span class='ocrx_word' id='word_1_180' title='bbox 1505 1696 1584 1768; x_wconf 82' lang='lat' dir='ltr'>Ipse</span> <span class='ocrx_word' id='word_1_181' title='bbox 1595 1693 1646 1755; x_wconf 89' lang='lat' dir='ltr'>est</span> <span class='ocrx_word' id='word_1_182' title='bbox 1653 1695 1753 1767; x_wconf 79' lang='lat' dir='ltr'>prirc-</span> 
     </span>
     <span class='ocr_line' id='line_1_16' title="bbox 84 1785 1751 1870; baseline 0.001 -22"><span class='ocrx_word' id='word_1_183' title='bbox 84 1785 159 1866; x_wconf 83' lang='lat' dir='ltr'>(Ps.</span> <span class='ocrx_word' id='word_1_184' title='bbox 176 1789 237 1860; x_wconf 91' lang='grc'>31,</span> <span class='ocrx_word' id='word_1_185' title='bbox 256 1787 302 1866; x_wconf 85' lang='grc'>5).</span> <span class='ocrx_word' id='word_1_186' title='bbox 949 1791 1077 1866; x_wconf 75' lang='lat' dir='ltr'>atpium</span> <span class='ocrx_word' id='word_1_187' title='bbox 1089 1792 1229 1852; x_wconf 81' lang='lat' dir='ltr'>olorum</span> <span class='ocrx_word' id='word_1_188' title='bbox 1247 1792 1388 1852; x_wconf 78' lang='lat' dir='ltr'>Domini</span> <span class='ocrx_word' id='word_1_189' title='bbox 1405 1787 1491 1870; x_wconf 82' lang='lat' dir='ltr'>(lob,</span> <span class='ocrx_word' id='word_1_190' title='bbox 1508 1804 1563 1863; x_wconf 82' lang='lat' dir='ltr'>xn,</span> <span class='ocrx_word' id='word_1_191' title='bbox 1581 1788 1645 1868; x_wconf 84' lang='grc'><strong>14).</strong></span> <span class='ocrx_word' id='word_1_192' title='bbox 1662 1790 1701 1852; x_wconf 90' lang='lat' dir='ltr'>Et</span> <span class='ocrx_word' id='word_1_193' title='bbox 1716 1789 1751 1850; x_wconf 92' lang='lat' dir='ltr'>in</span> 
     </span>
     <span class='ocr_line' id='line_1_17' title="bbox 123 1884 1752 1966; baseline 0.002 -20"><span class='ocrx_word' id='word_1_194' title='bbox 123 1887 276 1947; x_wconf 87' lang='lat' dir='ltr'>Daemon</span> <span class='ocrx_word' id='word_1_195' title='bbox 284 1885 522 1964; x_wconf 87' lang='lat' dir='ltr'>interpretatur</span> <span class='ocrx_word' id='word_1_196' title='bbox 531 1885 658 1963; x_wconf 88' lang='lat' dir='ltr'>sciens;</span> <span class='ocrx_word' id='word_1_197' title='bbox 674 1884 749 1949; x_wconf 89' lang='lat' dir='ltr'>ideo</span> <span class='ocrx_word' id='word_1_198' title='bbox 757 1885 896 1963; x_wconf 84' lang='lat' dir='ltr'>maligni</span> <span class='ocrx_word' id='word_1_199' title='bbox 950 1887 1102 1949; x_wconf 85' lang='lat' dir='ltr'>Ezechiel</span> <span class='ocrx_word' id='word_1_200' title='bbox 1116 1888 1276 1950; x_wconf 86' lang='lat' dir='ltr'>Dominus</span> <span class='ocrx_word' id='word_1_201' title='bbox 1290 1888 1333 1949; x_wconf 94' lang='lat' dir='ltr'>ad</span> <span class='ocrx_word' id='word_1_202' title='bbox 1345 1890 1480 1966; x_wconf 80' lang='lat' dir='ltr'>Tyrum,</span> <span class='ocrx_word' id='word_1_203' title='bbox 1494 1888 1557 1949; x_wconf 90' lang='lat' dir='ltr'>hoc</span> <span class='ocrx_word' id='word_1_204' title='bbox 1570 1888 1622 1950; x_wconf 88' lang='lat' dir='ltr'>est</span> <span class='ocrx_word' id='word_1_205' title='bbox 1635 1888 1676 1950; x_wconf 91' lang='lat' dir='ltr'>ad</span> <span class='ocrx_word' id='word_1_206' title='bbox 1689 1891 1752 1950; x_wconf 89' lang='lat' dir='ltr'>Lu·</span> 
     </span>
     <span class='ocr_line' id='line_1_18' title="bbox 84 1983 1751 2064; baseline 0.006 -22"><span class='ocrx_word' id='word_1_207' title='bbox 84 1983 236 2060; x_wconf 89' lang='lat' dir='ltr'>spiritus</span> <span class='ocrx_word' id='word_1_208' title='bbox 253 1984 419 2048; x_wconf 85' lang='lat' dir='ltr'>daemones</span> <span class='ocrx_word' id='word_1_209' title='bbox 435 1985 657 2064; x_wconf 88' lang='lat' dir='ltr'>appellantur,</span> <span class='ocrx_word' id='word_1_210' title='bbox 672 1985 768 2064; x_wconf 87' lang='lat' dir='ltr'>quasi</span> <span class='ocrx_word' id='word_1_211' title='bbox 785 1986 896 2047; x_wconf 90' lang='lat' dir='ltr'>scien·</span> <span class='ocrx_word' id='word_1_212' title='bbox 949 1985 1088 2047; x_wconf 88' lang='lat' dir='ltr'>ciferum</span> <span class='ocrx_word' id='word_1_213' title='bbox 1104 1986 1139 2046; x_wconf 93' lang='lat' dir='ltr'>in</span> <span class='ocrx_word' id='word_1_214' title='bbox 1154 2001 1295 2064; x_wconf 91' lang='lat' dir='ltr'>persona</span> <span class='ocrx_word' id='word_1_215' title='bbox 1308 1986 1386 2063; x_wconf 87' lang='lat' dir='ltr'>Tyri</span> <span class='ocrx_word' id='word_1_216' title='bbox 1403 1989 1533 2050; x_wconf 80' lang='lat' dir='ltr'>:Posui</span> <span class='ocrx_word' id='word_1_217' title='bbox 1544 1987 1576 2050; x_wconf 85' lang='lat' dir='ltr'>te</span> <span class='ocrx_word' id='word_1_218' title='bbox 1588 1988 1626 2047; x_wconf 84' lang='lat' dir='ltr'>irc</span> <span class='ocrx_word' id='word_1_219' title='bbox 1634 1987 1751 2052; x_wconf 79' lang='lat' dir='ltr'>merite</span> 
     </span>
     <span class='ocr_line' id='line_1_19' title="bbox 86 2083 1749 2162; baseline -0.001 -18"><span class='ocrx_word' id='word_1_220' title='bbox 86 2083 148 2144; x_wconf 89' lang='lat' dir='ltr'>tes.</span> <span class='ocrx_word' id='word_1_221' title='bbox 166 2083 213 2144; x_wconf 88' lang='lat' dir='ltr'>Et</span> <span class='ocrx_word' id='word_1_222' title='bbox 228 2083 373 2159; x_wconf 89' lang='lat' dir='ltr'>legimus</span> <span class='ocrx_word' id='word_1_223' title='bbox 385 2083 629 2162; x_wconf 88' lang='lat' dir='ltr'>quodquinque</span> <span class='ocrx_word' id='word_1_224' title='bbox 649 2083 727 2146; x_wconf 92' lang='lat' dir='ltr'>sunt</span> <span class='ocrx_word' id='word_1_225' title='bbox 745 2083 893 2162; x_wconf 91' lang='lat' dir='ltr'>spiritus.</span> <span class='ocrx_word' id='word_1_226' title='bbox 949 2084 1067 2148; x_wconf 83' lang='lat' dir='ltr'>saneto</span> <span class='ocrx_word' id='word_1_227' title='bbox 1087 2086 1162 2156; x_wconf 87' lang='lat' dir='ltr'>Det,</span> <span class='ocrx_word' id='word_1_228' title='bbox 1185 2087 1222 2146; x_wconf 82' lang='lat' dir='ltr'>in</span> <span class='ocrx_word' id='word_1_229' title='bbox 1241 2087 1352 2146; x_wconf 76' lang='lat' dir='ltr'>scedio</span> <span class='ocrx_word' id='word_1_230' title='bbox 1376 2087 1529 2160; x_wconf 77' lang='lat' dir='ltr'>tapidum</span> <span class='ocrx_word' id='word_1_231' title='bbox 1545 2084 1749 2162; x_wconf 69' lang='lat' dir='ltr'>ignitorum,</span> 
     </span>
     <span class='ocr_line' id='line_1_20' title="bbox 86 2178 1750 2262; baseline 0.001 -22"><span class='ocrx_word' id='word_1_232' title='bbox 86 2178 231 2240; x_wconf 81' lang='lat' dir='ltr'>Primus</span> <span class='ocrx_word' id='word_1_233' title='bbox 243 2179 381 2256; x_wconf 91' lang='lat' dir='ltr'>spiritus</span> <span class='ocrx_word' id='word_1_234' title='bbox 392 2179 442 2242; x_wconf 89' lang='lat' dir='ltr'>est</span> <span class='ocrx_word' id='word_1_235' title='bbox 454 2178 577 2252; x_wconf 89' lang='lat' dir='ltr'>carnis,</span> <span class='ocrx_word' id='word_1_236' title='bbox 591 2179 756 2241; x_wconf 89' lang='lat' dir='ltr'>secundus</span> <span class='ocrx_word' id='word_1_237' title='bbox 768 2179 893 2252; x_wconf 91' lang='lat' dir='ltr'>mundi,</span> <span class='ocrx_word' id='word_1_238' title='bbox 946 2183 1123 2258; x_wconf 77' lang='lat' dir='ltr'>perfectos</span> <span class='ocrx_word' id='word_1_239' title='bbox 1136 2186 1174 2244; x_wconf 80' lang='lat' dir='ltr'>iri</span> <span class='ocrx_word' id='word_1_240' title='bbox 1188 2185 1255 2246; x_wconf 85' lang='lat' dir='ltr'>viis</span> <span class='ocrx_word' id='word_1_241' title='bbox 1270 2183 1338 2245; x_wconf 83' lang='lat' dir='ltr'>tuis</span> <span class='ocrx_word' id='word_1_242' title='bbox 1350 2181 1496 2260; x_wconf 82' lang='lat' dir='ltr'>(Ezech,</span> <span class='ocrx_word' id='word_1_243' title='bbox 1510 2197 1609 2254; x_wconf 83' lang='lat' dir='ltr'>xvun,</span> <span class='ocrx_word' id='word_1_244' title='bbox 1624 2179 1750 2262; x_wconf 77' lang='lat'>14,15).</span> 
     </span>
     <span class='ocr_line' id='line_1_21' title="bbox 87 2277 1751 2358; baseline 0.002 -20"><span class='ocrx_word' id='word_1_245' title='bbox 87 2277 214 2338; x_wconf 83' lang='grc' dir='ltr'><strong>19111οε</strong></span> <span class='ocrx_word' id='word_1_246' title='bbox 226 2277 425 2354; x_wconf 88' lang='lat' dir='ltr'>iniquitatis,</span> <span class='ocrx_word' id='word_1_247' title='bbox 437 2279 576 2356; x_wconf 88' lang='lat' dir='ltr'>quartus</span> <span class='ocrx_word' id='word_1_248' title='bbox 588 2277 746 2352; x_wconf 90' lang='lat' dir='ltr'>hominis,</span> <span class='ocrx_word' id='word_1_249' title='bbox 760 2277 895 2354; x_wconf 89' lang='lat' dir='ltr'>quintus</span> <span class='ocrx_word' id='word_1_250' title='bbox 949 2279 1010 2344; x_wconf 86' lang='lat' dir='ltr'>Vel</span> <span class='ocrx_word' id='word_1_251' title='bbox 1032 2281 1141 2358; x_wconf 89' lang='lat' dir='ltr'>prima</span> <span class='ocrx_word' id='word_1_252' title='bbox 1161 2281 1315 2343; x_wconf 90' lang='lat' dir='ltr'>creatura</span> <span class='ocrx_word' id='word_1_253' title='bbox 1330 2280 1453 2344; x_wconf 86' lang='lat' dir='ltr'>dicitur</span> <span class='ocrx_word' id='word_1_254' title='bbox 1469 2279 1651 2343; x_wconf 88' lang='lat' dir='ltr'>secundum</span> <span class='ocrx_word' id='word_1_255' title='bbox 1673 2281 1751 2358; x_wconf 92' lang='lat' dir='ltr'>opi-</span> 
     </span>
     <span class='ocr_line' id='line_1_22' title="bbox 87 2375 1749 2458; baseline 0.002 -21"><span class='ocrx_word' id='word_1_256' title='bbox 87 2375 160 2437; x_wconf 91' lang='lat' dir='ltr'>Dei.</span> <span class='ocrx_word' id='word_1_257' title='bbox 188 2375 337 2453; x_wconf 87' lang='lat' dir='ltr'>Spiritus</span> <span class='ocrx_word' id='word_1_258' title='bbox 363 2376 473 2437; x_wconf 77' lang='lat' dir='ltr'>cantis</span> <span class='ocrx_word' id='word_1_259' title='bbox 495 2375 612 2437; x_wconf 85' lang='lat' dir='ltr'>suadet</span> <span class='ocrx_word' id='word_1_260' title='bbox 633 2375 746 2437; x_wconf 89' lang='lat' dir='ltr'>omnia</span> <span class='ocrx_word' id='word_1_261' title='bbox 765 2376 894 2450; x_wconf 81' lang='lat' dir='ltr'>suavia,</span> <span class='ocrx_word' id='word_1_262' title='bbox 948 2377 1083 2440; x_wconf 89' lang='lat' dir='ltr'>nionem</span> <span class='ocrx_word' id='word_1_263' title='bbox 1098 2379 1315 2457; x_wconf 87' lang='lat' dir='ltr'>quorumdam</span> <span class='ocrx_word' id='word_1_264' title='bbox 1335 2379 1537 2452; x_wconf 88' lang='lat' dir='ltr'>sanctorum,</span> <span class='ocrx_word' id='word_1_265' title='bbox 1556 2378 1614 2458; x_wconf 87' lang='lat' dir='ltr'>qui</span> <span class='ocrx_word' id='word_1_266' title='bbox 1633 2377 1749 2442; x_wconf 88' lang='lat' dir='ltr'>dicunt</span> 
     </span>
     <span class='ocr_line' id='line_1_23' title="bbox 87 2473 1754 2556; baseline 0.002 -22"><span class='ocrx_word' id='word_1_267' title='bbox 87 2473 237 2550; x_wconf 89' lang='lat' dir='ltr'>spiritus</span> <span class='ocrx_word' id='word_1_268' title='bbox 260 2473 376 2536; x_wconf 93' lang='lat' dir='ltr'>mundi</span> <span class='ocrx_word' id='word_1_269' title='bbox 398 2474 511 2548; x_wconf 86' lang='lat' dir='ltr'>uaria,</span> <span class='ocrx_word' id='word_1_270' title='bbox 539 2473 678 2551; x_wconf 88' lang='lat' dir='ltr'>spiritus</span> <span class='ocrx_word' id='word_1_271' title='bbox 708 2474 895 2552; x_wconf 89' lang='lat' dir='ltr'>iniquitatis</span> <span class='ocrx_word' id='word_1_272' title='bbox 949 2476 1087 2553; x_wconf 79' lang='lat' dir='ltr'>angelos</span> <span class='ocrx_word' id='word_1_273' title='bbox 1102 2479 1170 2538; x_wconf 88' lang='lat' dir='ltr'>tam</span> <span class='ocrx_word' id='word_1_274' title='bbox 1187 2476 1293 2538; x_wconf 88' lang='lat' dir='ltr'>bonos</span> <span class='ocrx_word' id='word_1_275' title='bbox 1308 2492 1407 2556; x_wconf 91' lang='lat' dir='ltr'>quam</span> <span class='ocrx_word' id='word_1_276' title='bbox 1420 2476 1525 2540; x_wconf 90' lang='lat' dir='ltr'>malos</span> <span class='ocrx_word' id='word_1_277' title='bbox 1537 2475 1641 2539; x_wconf 89' lang='lat' dir='ltr'>fuisse</span> <span class='ocrx_word' id='word_1_278' title='bbox 1656 2493 1754 2539; x_wconf 87' lang='lat' dir='ltr'>crea·</span> 
     </span>
     <span class='ocr_line' id='line_1_24' title="bbox 92 2571 1754 2653; baseline 0.003 -20"><span class='ocrx_word' id='word_1_279' title='bbox 92 2575 234 2646; x_wconf 84' lang='lat' dir='ltr'>nociva,</span> <span class='ocrx_word' id='word_1_280' title='bbox 250 2572 387 2650; x_wconf 88' lang='lat' dir='ltr'>spiritus</span> <span class='ocrx_word' id='word_1_281' title='bbox 408 2571 554 2634; x_wconf 92' lang='lat' dir='ltr'>hominis</span> <span class='ocrx_word' id='word_1_282' title='bbox 576 2571 699 2634; x_wconf 88' lang='lat' dir='ltr'>rationi</span> <span class='ocrx_word' id='word_1_283' title='bbox 718 2575 897 2636; x_wconf 91' lang='lat' dir='ltr'>consenta—</span> <span class='ocrx_word' id='word_1_284' title='bbox 949 2575 1001 2638; x_wconf 88' lang='lat' dir='ltr'>tos</span> <span class='ocrx_word' id='word_1_285' title='bbox 1016 2575 1124 2653; x_wconf 90' lang='lat' dir='ltr'>prima</span> <span class='ocrx_word' id='word_1_286' title='bbox 1139 2575 1203 2647; x_wconf 90' lang='lat' dir='ltr'>die,</span> <span class='ocrx_word' id='word_1_287' title='bbox 1218 2575 1350 2653; x_wconf 88' lang='lat' dir='ltr'>quando</span> <span class='ocrx_word' id='word_1_288' title='bbox 1365 2574 1478 2637; x_wconf 88' lang='lat' dir='ltr'>creata</span> <span class='ocrx_word' id='word_1_289' title='bbox 1492 2575 1570 2636; x_wconf 91' lang='lat' dir='ltr'>sunt</span> <span class='ocrx_word' id='word_1_290' title='bbox 1584 2574 1703 2636; x_wconf 88' lang='lat' dir='ltr'>coelum</span> <span class='ocrx_word' id='word_1_291' title='bbox 1719 2577 1754 2639; x_wconf 89' lang='lat' dir='ltr'>et</span> 
     </span>
     <span class='ocr_line' id='line_1_25' title="bbox 91 2669 1753 2749; baseline 0.002 -18"><span class='ocrx_word' id='word_1_292' title='bbox 91 2686 169 2744; x_wconf 89' lang='lat' dir='ltr'>nea,</span> <span class='ocrx_word' id='word_1_293' title='bbox 188 2671 330 2748; x_wconf 90' lang='lat' dir='ltr'>spiritus</span> <span class='ocrx_word' id='word_1_294' title='bbox 351 2669 412 2732; x_wconf 90' lang='lat' dir='ltr'>Dei</span> <span class='ocrx_word' id='word_1_295' title='bbox 431 2670 643 2747; x_wconf 90' lang='lat' dir='ltr'>sempiterna.</span> <span class='ocrx_word' id='word_1_296' title='bbox 660 2671 802 2749; x_wconf 86' lang='lat' dir='ltr'>Spiritus</span> <span class='ocrx_word' id='word_1_297' title='bbox 828 2671 897 2733; x_wconf 91' lang='lat' dir='ltr'>ini·</span> <span class='ocrx_word' id='word_1_298' title='bbox 948 2675 1050 2746; x_wconf 88' lang='lat' dir='ltr'>terra,</span> <span class='ocrx_word' id='word_1_299' title='bbox 1064 2672 1208 2734; x_wconf 91' lang='lat' dir='ltr'>materia</span> <span class='ocrx_word' id='word_1_300' title='bbox 1223 2673 1351 2735; x_wconf 91' lang='lat' dir='ltr'>scilicet</span> <span class='ocrx_word' id='word_1_301' title='bbox 1366 2673 1514 2734; x_wconf 93' lang='lat' dir='ltr'>omnium</span> <span class='ocrx_word' id='word_1_302' title='bbox 1530 2688 1654 2745; x_wconf 89' lang='lat' dir='ltr'>rerum,</span> <span class='ocrx_word' id='word_1_303' title='bbox 1673 2671 1753 2735; x_wconf 89' lang='lat' dir='ltr'>licet</span> 
     </span>
     <span class='ocr_line' id='line_1_26' title="bbox 89 2767 1752 2850; baseline 0 -18"><span class='ocrx_word' id='word_1_304' title='bbox 89 2770 236 2846; x_wconf 77' lang='lat' dir='ltr'>quitatis</span> <span class='ocrx_word' id='word_1_305' title='bbox 251 2769 302 2831; x_wconf 90' lang='lat' dir='ltr'>est</span> <span class='ocrx_word' id='word_1_306' title='bbox 318 2769 457 2842; x_wconf 89' lang='lat' dir='ltr'>daemon,</span> <span class='ocrx_word' id='word_1_307' title='bbox 468 2768 546 2847; x_wconf 92' lang='lat' dir='ltr'>quia</span> <span class='ocrx_word' id='word_1_308' title='bbox 555 2767 721 2832; x_wconf 71' lang='lat' dir='ltr'>daemones</span> <span class='ocrx_word' id='word_1_309' title='bbox 732 2786 775 2832; x_wconf 80' lang='lat' dir='ltr'>ex</span> <span class='ocrx_word' id='word_1_310' title='bbox 789 2769 897 2832; x_wconf 89' lang='lat' dir='ltr'>subti-</span> <span class='ocrx_word' id='word_1_311' title='bbox 950 2771 1084 2850; x_wconf 89' lang='lat' dir='ltr'>quidam</span> <span class='ocrx_word' id='word_1_312' title='bbox 1110 2770 1222 2834; x_wconf 91' lang='lat' dir='ltr'>dicant</span> <span class='ocrx_word' id='word_1_313' title='bbox 1247 2771 1384 2847; x_wconf 82' lang='lat' dir='ltr'>angelos</span> <span class='ocrx_word' id='word_1_314' title='bbox 1408 2768 1513 2832; x_wconf 84' lang='lat' dir='ltr'>fuisse</span> <span class='ocrx_word' id='word_1_315' title='bbox 1542 2770 1671 2832; x_wconf 87' lang='lat' dir='ltr'>creatos</span> <span class='ocrx_word' id='word_1_316' title='bbox 1696 2786 1752 2832; x_wconf 90' lang='lat' dir='ltr'>se-</span> 
     </span>
     <span class='ocr_line' id='line_1_27' title="bbox 92 2865 1819 2946; baseline -0.001 -18"><span class='ocrx_word' id='word_1_317' title='bbox 92 2867 190 2932; x_wconf 88' lang='lat' dir='ltr'>hlate</span> <span class='ocrx_word' id='word_1_318' title='bbox 203 2869 337 2930; x_wconf 84' lang='lat' dir='ltr'>naturae</span> <span class='ocrx_word' id='word_1_319' title='bbox 350 2867 386 2930; x_wconf 89' lang='lat' dir='ltr'>et</span> <span class='ocrx_word' id='word_1_320' title='bbox 399 2866 598 2944; x_wconf 86' lang='lat' dir='ltr'>antiquitate</span> <span class='ocrx_word' id='word_1_321' title='bbox 617 2867 789 2946; x_wconf 88' lang='lat' dir='ltr'>temporis,</span> <span class='ocrx_word' id='word_1_322' title='bbox 806 2868 839 2932; x_wconf 89' lang='lat' dir='ltr'>et</span> <span class='ocrx_word' id='word_1_323' title='bbox 853 2883 897 2932; x_wconf 83' lang='lat' dir='ltr'>ex</span> <span class='ocrx_word' id='word_1_324' title='bbox 950 2869 1059 2931; x_wconf 91' lang='lat' dir='ltr'>cunda</span> <span class='ocrx_word' id='word_1_325' title='bbox 1079 2867 1144 2930; x_wconf 92' lang='lat' dir='ltr'>die.</span> <span class='ocrx_word' id='word_1_326' title='bbox 1167 2868 1260 2930; x_wconf 89' lang='lat' dir='ltr'>Unde</span> <span class='ocrx_word' id='word_1_327' title='bbox 1274 2866 1457 2930; x_wconf 87' lang='lat' dir='ltr'>secundum</span> <span class='ocrx_word' id='word_1_328' title='bbox 1471 2866 1534 2929; x_wconf 92' lang='lat' dir='ltr'>hoo</span> <span class='ocrx_word' id='word_1_329' title='bbox 1551 2865 1683 2930; x_wconf 80' lang='lat' dir='ltr'>Lucifer</span> <span class='ocrx_word' id='word_1_330' title='bbox 1699 2865 1753 2927; x_wconf 85' lang='lat' dir='ltr'>di·</span> <span class='ocrx_word' id='word_1_331' title='bbox 1818 2871 1819 2874; x_wconf 76' lang='grc'>’</span> 
     </span>
     <span class='ocr_line' id='line_1_28' title="bbox 91 2965 1751 3045; baseline -0.001 -17"><span class='ocrx_word' id='word_1_332' title='bbox 91 2966 295 3028; x_wconf 86' lang='lat' dir='ltr'>assiduitate</span> <span class='ocrx_word' id='word_1_333' title='bbox 309 2965 445 3027; x_wconf 91' lang='lat' dir='ltr'>fallendi</span> <span class='ocrx_word' id='word_1_334' title='bbox 460 2965 755 3030; x_wconf 80' lang='lat' dir='ltr'>multanoseruut.</span> <span class='ocrx_word' id='word_1_335' title='bbox 951 2965 1037 3029; x_wconf 91' lang='lat' dir='ltr'>citur</span> <span class='ocrx_word' id='word_1_336' title='bbox 1060 2966 1167 3045; x_wconf 91' lang='lat' dir='ltr'>prima</span> <span class='ocrx_word' id='word_1_337' title='bbox 1192 2967 1363 3037; x_wconf 88' lang='lat' dir='ltr'>creatura,</span> <span class='ocrx_word' id='word_1_338' title='bbox 1385 2966 1487 3037; x_wconf 88' lang='lat' dir='ltr'>idest,</span> <span class='ocrx_word' id='word_1_339' title='bbox 1513 2966 1603 3028; x_wconf 90' lang='lat' dir='ltr'>inter</span> <span class='ocrx_word' id='word_1_340' title='bbox 1625 2965 1751 3043; x_wconf 90' lang='lat' dir='ltr'>primas</span> 
     </span>
     <span class='ocr_line' id='line_1_29' title="bbox 130 3062 1754 3142; baseline -0.001 -14"><span class='ocrx_word' id='word_1_341' title='bbox 130 3071 193 3128; x_wconf 75' lang='lat' dir='ltr'>Ex</span> <span class='ocrx_word' id='word_1_342' title='bbox 204 3064 393 3127; x_wconf 74' lang='grc'><strong>1011111011</strong></span> <span class='ocrx_word' id='word_1_343' title='bbox 407 3065 556 3136; x_wconf 63' lang='lat' dir='ltr'>umorue,</span> <span class='ocrx_word' id='word_1_344' title='bbox 563 3064 662 3142; x_wconf 82' lang='lat' dir='ltr'>juxta</span> <span class='ocrx_word' id='word_1_345' title='bbox 675 3064 761 3142; x_wconf 87' lang='lat' dir='ltr'>quod</span> <span class='ocrx_word' id='word_1_346' title='bbox 776 3064 898 3129; x_wconf 92' lang='lat' dir='ltr'>dicitur</span> <span class='ocrx_word' id='word_1_347' title='bbox 951 3065 1121 3128; x_wconf 86' lang='lat' dir='ltr'>creaturas</span> <span class='ocrx_word' id='word_1_348' title='bbox 1132 3064 1275 3140; x_wconf 81' lang='lat' dir='ltr'>creatae,</span> <span class='ocrx_word' id='word_1_349' title='bbox 1289 3080 1356 3127; x_wconf 90' lang='lat' dir='ltr'>nou</span> <span class='ocrx_word' id='word_1_350' title='bbox 1365 3062 1452 3142; x_wconf 90' lang='lat' dir='ltr'>quod</span> <span class='ocrx_word' id='word_1_351' title='bbox 1465 3064 1604 3127; x_wconf 86' lang='lat' dir='ltr'>caeteros</span> <span class='ocrx_word' id='word_1_352' title='bbox 1614 3077 1754 3141; x_wconf 88' lang='lat' dir='ltr'>praeces·</span> 
     </span>
     <span class='ocr_line' id='line_1_30' title="bbox 91 3161 1754 3241; baseline -0.001 -15"><span class='ocrx_word' id='word_1_353' title='bbox 91 3163 126 3225; x_wconf 91' lang='lat' dir='ltr'>in</span> <span class='ocrx_word' id='word_1_354' title='bbox 147 3163 346 3226; x_wconf 79' lang='lat' dir='ltr'>Ezechiele:</span> <span class='ocrx_word' id='word_1_355' title='bbox 363 3165 412 3224; x_wconf 78' lang='lat' dir='ltr'>Tu</span> <span class='ocrx_word' id='word_1_356' title='bbox 424 3166 638 3238; x_wconf 68' lang='lat' dir='ltr'>siouoaum</span> <span class='ocrx_word' id='word_1_357' title='bbox 648 3165 895 3240; x_wconf 78' lang='lat' dir='ltr'>similitudinis,</span> <span class='ocrx_word' id='word_1_358' title='bbox 952 3164 1033 3226; x_wconf 88' lang='lat' dir='ltr'>serit</span> <span class='ocrx_word' id='word_1_359' title='bbox 1046 3163 1227 3237; x_wconf 87' lang='lat' dir='ltr'>creatione,</span> <span class='ocrx_word' id='word_1_360' title='bbox 1240 3164 1298 3225; x_wconf 88' lang='lat' dir='ltr'>sed</span> <span class='ocrx_word' id='word_1_361' title='bbox 1313 3163 1440 3226; x_wconf 89' lang='lat' dir='ltr'>scilicet</span> <span class='ocrx_word' id='word_1_362' title='bbox 1459 3163 1536 3241; x_wconf 91' lang='lat' dir='ltr'>quia</span> <span class='ocrx_word' id='word_1_363' title='bbox 1549 3161 1642 3224; x_wconf 91' lang='lat' dir='ltr'>nulla</span> <span class='ocrx_word' id='word_1_364' title='bbox 1657 3177 1754 3224; x_wconf 89' lang='lat' dir='ltr'>crea-</span> 
     </span>
     <span class='ocr_line' id='line_1_31' title="bbox 90 3259 1753 3339; baseline -0.001 -17"><span class='ocrx_word' id='word_1_365' title='bbox 90 3267 217 3336; x_wconf 78' lang='lat' dir='ltr'>plenus</span> <span class='ocrx_word' id='word_1_366' title='bbox 229 3261 413 3336; x_wconf 75' lang='lat' dir='ltr'>sapentia,</span> <span class='ocrx_word' id='word_1_367' title='bbox 429 3261 463 3324; x_wconf 89' lang='lat' dir='ltr'>ei</span> <span class='ocrx_word' id='word_1_368' title='bbox 470 3262 647 3336; x_wconf 75' lang='lat' dir='ltr'>perfectus</span> <span class='ocrx_word' id='word_1_369' title='bbox 661 3263 782 3324; x_wconf 70' lang='grc'><strong>110011</strong></span> <span class='ocrx_word' id='word_1_370' title='bbox 796 3267 833 3324; x_wconf 85' lang='lat' dir='ltr'>tn</span> <span class='ocrx_word' id='word_1_371' title='bbox 845 3268 898 3326; x_wconf 82' lang='lat' dir='ltr'>de·</span> <span class='ocrx_word' id='word_1_372' title='bbox 950 3262 1026 3324; x_wconf 89' lang='lat' dir='ltr'>tura</span> <span class='ocrx_word' id='word_1_373' title='bbox 1040 3262 1118 3324; x_wconf 89' lang='lat' dir='ltr'>ante</span> <span class='ocrx_word' id='word_1_374' title='bbox 1136 3262 1246 3339; x_wconf 91' lang='lat' dir='ltr'>ipsum</span> <span class='ocrx_word' id='word_1_375' title='bbox 1260 3259 1324 3324; x_wconf 89' lang='lat' dir='ltr'>fuit</span> <span class='ocrx_word' id='word_1_376' title='bbox 1338 3263 1461 3334; x_wconf 90' lang='lat' dir='ltr'>creata,</span> <span class='ocrx_word' id='word_1_377' title='bbox 1477 3261 1510 3323; x_wconf 94' lang='lat' dir='ltr'>et</span> <span class='ocrx_word' id='word_1_378' title='bbox 1524 3260 1587 3322; x_wconf 91' lang='lat' dir='ltr'>hoc</span> <span class='ocrx_word' id='word_1_379' title='bbox 1602 3259 1753 3337; x_wconf 90' lang='lat' dir='ltr'>estquod</span> 
     </span>
     <span class='ocr_line' id='line_1_32' title="bbox 93 3356 1753 3441; baseline -0.002 -20"><span class='ocrx_word' id='word_1_380' title='bbox 93 3363 182 3422; x_wconf 83' lang='lat' dir='ltr'>liciis</span> <span class='ocrx_word' id='word_1_381' title='bbox 186 3362 353 3435; x_wconf 81' lang='lat' dir='ltr'>paradisi</span> <span class='ocrx_word' id='word_1_382' title='bbox 364 3361 428 3422; x_wconf 88' lang='lat' dir='ltr'>Dei</span> <span class='ocrx_word' id='word_1_383' title='bbox 436 3360 535 3434; x_wconf 73' lang='lat' dir='ltr'>rusti</span> <span class='ocrx_word' id='word_1_384' title='bbox 545 3356 819 3438; x_wconf 79' lang='lat' dir='ltr'>(Ezech.,xxs111,</span> <span class='ocrx_word' id='word_1_385' title='bbox 831 3361 895 3441; x_wconf 82' lang='grc'><strong>12).</strong></span> <span class='ocrx_word' id='word_1_386' title='bbox 952 3359 1148 3428; x_wconf 87' lang='lat' dir='ltr'>dictumest,</span> <span class='ocrx_word' id='word_1_387' title='bbox 1168 3359 1254 3421; x_wconf 92' lang='lat' dir='ltr'>sicut</span> <span class='ocrx_word' id='word_1_388' title='bbox 1275 3359 1397 3420; x_wconf 87' lang='lat' dir='ltr'>dicitur</span> <span class='ocrx_word' id='word_1_389' title='bbox 1417 3358 1452 3419; x_wconf 87' lang='lat' dir='ltr'>iu</span> <span class='ocrx_word' id='word_1_390' title='bbox 1475 3358 1644 3430; x_wconf 85' lang='lat' dir='ltr'>Matthaeo,</span> <span class='ocrx_word' id='word_1_391' title='bbox 1666 3357 1753 3435; x_wconf 91' lang='lat' dir='ltr'>quod</span> 
     </span>
     <span class='ocr_line' id='line_1_33' title="bbox 95 3455 1753 3534; baseline -0.001 -16"><span class='ocrx_word' id='word_1_392' title='bbox 95 3458 231 3520; x_wconf 78' lang='lat' dir='ltr'>Lucifer</span> <span class='ocrx_word' id='word_1_393' title='bbox 260 3457 383 3519; x_wconf 88' lang='lat' dir='ltr'>dicitur</span> <span class='ocrx_word' id='word_1_394' title='bbox 412 3457 620 3533; x_wconf 84' lang='lat' dir='ltr'>signaculum</span> <span class='ocrx_word' id='word_1_395' title='bbox 648 3457 895 3534; x_wconf 88' lang='lat' dir='ltr'>similitudinis,</span> <span class='ocrx_word' id='word_1_396' title='bbox 951 3457 1058 3518; x_wconf 88' lang='lat' dir='ltr'>Maria</span> <span class='ocrx_word' id='word_1_397' title='bbox 1079 3456 1196 3532; x_wconf 87' lang='lat' dir='ltr'>genuit</span> <span class='ocrx_word' id='word_1_398' title='bbox 1218 3455 1324 3518; x_wconf 87' lang='lat' dir='ltr'>tilium</span> <span class='ocrx_word' id='word_1_399' title='bbox 1350 3472 1447 3518; x_wconf 89' lang='lat' dir='ltr'>suum</span> <span class='ocrx_word' id='word_1_400' title='bbox 1474 3455 1753 3532; x_wconf 89' lang='lat' dir='ltr'>primogenitum,</span> 
     </span>
     <span class='ocr_line' id='line_1_34' title="bbox 95 3551 1752 3632; baseline -0.002 -16"><span class='ocrx_word' id='word_1_401' title='bbox 95 3555 181 3620; x_wconf 89' lang='lat' dir='ltr'>idest</span> <span class='ocrx_word' id='word_1_402' title='bbox 206 3555 285 3618; x_wconf 81' lang='lat' dir='ltr'>Filii</span> <span class='ocrx_word' id='word_1_403' title='bbox 308 3554 378 3628; x_wconf 90' lang='lat' dir='ltr'>Dei,</span> <span class='ocrx_word' id='word_1_404' title='bbox 400 3555 495 3632; x_wconf 90' lang='lat' dir='ltr'>quasi</span> <span class='ocrx_word' id='word_1_405' title='bbox 517 3553 673 3616; x_wconf 89' lang='lat' dir='ltr'>clausura</span> <span class='ocrx_word' id='word_1_406' title='bbox 694 3555 726 3616; x_wconf 94' lang='lat' dir='ltr'>et</span> <span class='ocrx_word' id='word_1_407' title='bbox 747 3556 897 3619; x_wconf 87' lang='lat' dir='ltr'>custodia</span> <span class='ocrx_word' id='word_1_408' title='bbox 951 3554 1048 3628; x_wconf 91' lang='lat' dir='ltr'>idest,</span> <span class='ocrx_word' id='word_1_409' title='bbox 1064 3555 1142 3615; x_wconf 88' lang='lat' dir='ltr'>ante</span> <span class='ocrx_word' id='word_1_410' title='bbox 1161 3569 1259 3630; x_wconf 89' lang='lat' dir='ltr'>quem</span> <span class='ocrx_word' id='word_1_411' title='bbox 1273 3553 1402 3614; x_wconf 92' lang='lat' dir='ltr'>nullum</span> <span class='ocrx_word' id='word_1_412' title='bbox 1415 3552 1542 3628; x_wconf 90' lang='lat' dir='ltr'>genuit,</span> <span class='ocrx_word' id='word_1_413' title='bbox 1559 3551 1654 3625; x_wconf 91' lang='lat' dir='ltr'>idest,</span> <span class='ocrx_word' id='word_1_414' title='bbox 1671 3552 1752 3614; x_wconf 92' lang='lat' dir='ltr'>nul-</span> 
     </span>
     <span class='ocr_line' id='line_1_35' title="bbox 93 3650 1689 3732; baseline -0.003 -16"><span class='ocrx_word' id='word_1_415' title='bbox 93 3653 332 3716; x_wconf 83' lang='lat' dir='ltr'>thesaurorum</span> <span class='ocrx_word' id='word_1_416' title='bbox 354 3655 437 3730; x_wconf 89' lang='lat' dir='ltr'>ejus.</span> <span class='ocrx_word' id='word_1_417' title='bbox 456 3651 644 3715; x_wconf 80' lang='lat' dir='ltr'>Thesauros</span> <span class='ocrx_word' id='word_1_418' title='bbox 659 3652 748 3716; x_wconf 90' lang='lat' dir='ltr'>enim</span> <span class='ocrx_word' id='word_1_419' title='bbox 764 3654 898 3732; x_wconf 85' lang='lat' dir='ltr'>sapien·</span> <span class='ocrx_word' id='word_1_420' title='bbox 951 3653 1004 3714; x_wconf 91' lang='lat' dir='ltr'>lus</span> <span class='ocrx_word' id='word_1_421' title='bbox 1019 3651 1189 3730; x_wconf 89' lang='lat' dir='ltr'>praecessit</span> <span class='ocrx_word' id='word_1_422' title='bbox 1201 3651 1322 3713; x_wconf 90' lang='lat' dir='ltr'>eumin</span> <span class='ocrx_word' id='word_1_423' title='bbox 1335 3650 1550 3727; x_wconf 87' lang='lat' dir='ltr'>generatione</span> <span class='ocrx_word' id='word_1_424' title='bbox 1561 3651 1689 3712; x_wconf 70' lang='lat' dir='ltr'>Mariae.</span> 
     </span>
     <span class='ocr_line' id='line_1_36' title="bbox 95 3748 1752 3828; baseline -0.002 -13"><span class='ocrx_word' id='word_1_425' title='bbox 95 3752 150 3815; x_wconf 77' lang='lat' dir='ltr'>aa</span> <span class='ocrx_word' id='word_1_426' title='bbox 164 3753 201 3814; x_wconf 90' lang='lat' dir='ltr'>et</span> <span class='ocrx_word' id='word_1_427' title='bbox 212 3751 362 3813; x_wconf 88' lang='lat' dir='ltr'>scientiae</span> <span class='ocrx_word' id='word_1_428' title='bbox 370 3751 406 3813; x_wconf 91' lang='lat' dir='ltr'>et</span> <span class='ocrx_word' id='word_1_429' title='bbox 417 3749 614 3812; x_wconf 89' lang='lat' dir='ltr'>caeterarum</span> <span class='ocrx_word' id='word_1_430' title='bbox 626 3748 787 3814; x_wconf 77' lang='lat' dir='ltr'>uirtutum</span> <span class='ocrx_word' id='word_1_431' title='bbox 799 3753 899 3814; x_wconf 86' lang='lat' dir='ltr'>natu·</span> <span class='ocrx_word' id='word_1_432' title='bbox 991 3753 1041 3813; x_wconf 79' lang='lat' dir='ltr'>Ex</span> <span class='ocrx_word' id='word_1_433' title='bbox 1062 3749 1267 3813; x_wconf 79' lang='lat' dir='ltr'>assiduitate</span> <span class='ocrx_word' id='word_1_434' title='bbox 1284 3751 1434 3824; x_wconf 72' lang='grc'><strong>10119011,</strong></span> <span class='ocrx_word' id='word_1_435' title='bbox 1459 3748 1641 3812; x_wconf 89' lang='lat' dir='ltr'>secundum</span> <span class='ocrx_word' id='word_1_436' title='bbox 1664 3748 1752 3828; x_wconf 92' lang='lat' dir='ltr'>quod</span> 
     </span>
     <span class='ocr_line' id='line_1_37' title="bbox 95 3846 1754 3928; baseline -0.001 -18"><span class='ocrx_word' id='word_1_437' title='bbox 95 3851 219 3912; x_wconf 88' lang='lat' dir='ltr'>ralium</span> <span class='ocrx_word' id='word_1_438' title='bbox 242 3847 273 3910; x_wconf 91' lang='lat' dir='ltr'>ei</span> <span class='ocrx_word' id='word_1_439' title='bbox 294 3846 400 3909; x_wconf 78' lang='lat' dir='ltr'>Filius</span> <span class='ocrx_word' id='word_1_440' title='bbox 419 3847 480 3910; x_wconf 88' lang='lat' dir='ltr'>Dei</span> <span class='ocrx_word' id='word_1_441' title='bbox 504 3847 643 3912; x_wconf 90' lang='lat' dir='ltr'>contulit</span> <span class='ocrx_word' id='word_1_442' title='bbox 669 3849 703 3911; x_wconf 94' lang='lat' dir='ltr'>et</span> <span class='ocrx_word' id='word_1_443' title='bbox 719 3849 815 3928; x_wconf 82' lang='lat' dir='ltr'>quasi</span> <span class='ocrx_word' id='word_1_444' title='bbox 836 3851 897 3912; x_wconf 90' lang='lat' dir='ltr'>sub</span> <span class='ocrx_word' id='word_1_445' title='bbox 951 3849 1032 3912; x_wconf 89' lang='lat' dir='ltr'>dicit</span> <span class='ocrx_word' id='word_1_446' title='bbox 1055 3849 1172 3911; x_wconf 90' lang='lat' dir='ltr'>beatus</span> <span class='ocrx_word' id='word_1_447' title='bbox 1198 3850 1319 3911; x_wconf 88' lang='lat' dir='ltr'>Petrus</span> <span class='ocrx_word' id='word_1_448' title='bbox 1343 3869 1352 3911; x_wconf 81' lang='lat' dir='ltr'>z</span> <span class='ocrx_word' id='word_1_449' title='bbox 1377 3851 1612 3912; x_wconf 75' lang='lat' dir='ltr'>Adversarius</span> <span class='ocrx_word' id='word_1_450' title='bbox 1636 3849 1754 3910; x_wconf 80' lang='lat' dir='ltr'>vester</span> 
     </span>
     <span class='ocr_line' id='line_1_38' title="bbox 94 3943 1750 4027; baseline -0.002 -17"><span class='ocrx_word' id='word_1_451' title='bbox 94 3947 271 4026; x_wconf 88' lang='lat' dir='ltr'>signaculo</span> <span class='ocrx_word' id='word_1_452' title='bbox 294 3946 359 4008; x_wconf 89' lang='lat' dir='ltr'>sihi</span> <span class='ocrx_word' id='word_1_453' title='bbox 380 3947 593 4010; x_wconf 84' lang='lat' dir='ltr'>custodienda</span> <span class='ocrx_word' id='word_1_454' title='bbox 615 3948 789 4010; x_wconf 87' lang='lat' dir='ltr'>commisit.</span> <span class='ocrx_word' id='word_1_455' title='bbox 812 3949 899 4010; x_wconf 85' lang='lat' dir='ltr'>Gon·</span> <span class='ocrx_word' id='word_1_456' title='bbox 949 3948 1286 4022; x_wconf 60' lang='lat' dir='ltr'>amicissimorum</span> <span class='ocrx_word' id='word_1_457' title='bbox 1300 3943 1750 4027; x_wconf 57' lang='lat' dir='ltr'>paropamisadae).</span> 
     </span>
     <span class='ocr_line' id='line_1_39' title="bbox 96 4041 1752 4125; baseline -0.002 -17"><span class='ocrx_word' id='word_1_458' title='bbox 96 4049 231 4110; x_wconf 88' lang='lat' dir='ltr'>suetum</span> <span class='ocrx_word' id='word_1_459' title='bbox 251 4046 302 4110; x_wconf 91' lang='lat' dir='ltr'>est</span> <span class='ocrx_word' id='word_1_460' title='bbox 324 4046 410 4125; x_wconf 87' lang='lat' dir='ltr'>quod</span> <span class='ocrx_word' id='word_1_461' title='bbox 433 4047 563 4123; x_wconf 88' lang='lat' dir='ltr'>potiora</span> <span class='ocrx_word' id='word_1_462' title='bbox 588 4045 621 4107; x_wconf 89' lang='lat' dir='ltr'>et</span> <span class='ocrx_word' id='word_1_463' title='bbox 644 4046 800 4108; x_wconf 90' lang='lat' dir='ltr'>chariora</span> <span class='ocrx_word' id='word_1_464' title='bbox 824 4063 897 4124; x_wconf 85' lang='lat' dir='ltr'>quae</span> <span class='ocrx_word' id='word_1_465' title='bbox 952 4045 1108 4122; x_wconf 87' lang='lat' dir='ltr'>Sequitur</span> <span class='ocrx_word' id='word_1_466' title='bbox 1132 4065 1142 4104; x_wconf 74' lang='grc' dir='ltr'><strong><em>ε</em></strong></span> <span class='ocrx_word' id='word_1_467' title='bbox 1162 4047 1212 4105; x_wconf 90' lang='lat' dir='ltr'>De</span> <span class='ocrx_word' id='word_1_468' title='bbox 1231 4045 1439 4108; x_wconf 80' lang='lat' dir='ltr'>desolatione</span> <span class='ocrx_word' id='word_1_469' title='bbox 1457 4047 1558 4121; x_wconf 80' lang='lat' dir='ltr'>regat</span> <span class='ocrx_word' id='word_1_470' title='bbox 1576 4046 1690 4115; x_wconf 76' lang='grc'><strong>110111,</strong></span> <span class='ocrx_word' id='word_1_471' title='bbox 1711 4041 1752 4104; x_wconf 90' lang='lat' dir='ltr'>de</span> 
     </span>
     <span class='ocr_line' id='line_1_40' title="bbox 96 4140 1753 4224; baseline -0.004 -16"><span class='ocrx_word' id='word_1_472' title='bbox 96 4145 259 4208; x_wconf 89' lang='lat' dir='ltr'>hahemus</span> <span class='ocrx_word' id='word_1_473' title='bbox 279 4143 339 4205; x_wconf 88' lang='lat' dir='ltr'>suh</span> <span class='ocrx_word' id='word_1_474' title='bbox 362 4143 536 4224; x_wconf 88' lang='lat' dir='ltr'>signaculo</span> <span class='ocrx_word' id='word_1_475' title='bbox 555 4142 709 4222; x_wconf 91' lang='lat' dir='ltr'>ponimus</span> <span class='ocrx_word' id='word_1_476' title='bbox 725 4143 758 4205; x_wconf 91' lang='lat' dir='ltr'>et</span> <span class='ocrx_word' id='word_1_477' title='bbox 779 4143 897 4221; x_wconf 91' lang='lat' dir='ltr'>signa·</span> <span class='ocrx_word' id='word_1_478' title='bbox 951 4157 1017 4219; x_wconf 93' lang='lat' dir='ltr'>quo</span> <span class='ocrx_word' id='word_1_479' title='bbox 1032 4141 1112 4205; x_wconf 91' lang='lat' dir='ltr'>dicit</span> <span class='ocrx_word' id='word_1_480' title='bbox 1124 4140 1283 4204; x_wconf 89' lang='lat' dir='ltr'>Dominus</span> <span class='ocrx_word' id='word_1_481' title='bbox 1297 4141 1333 4202; x_wconf 92' lang='lat' dir='ltr'>in</span> <span class='ocrx_word' id='word_1_482' title='bbox 1348 4141 1411 4203; x_wconf 94' lang='lat' dir='ltr'>hoc</span> <span class='ocrx_word' id='word_1_483' title='bbox 1425 4140 1628 4217; x_wconf 85' lang='lat' dir='ltr'>Evangelio:</span> <span class='ocrx_word' id='word_1_484' title='bbox 1646 4141 1753 4203; x_wconf 80' lang='lat' dir='ltr'>Omrie</span> 
     </span>
     <span class='ocr_line' id='line_1_41' title="bbox 97 4238 1754 4320; baseline -0.004 -14"><span class='ocrx_word' id='word_1_485' title='bbox 97 4260 183 4317; x_wconf 90' lang='lat' dir='ltr'>mus,</span> <span class='ocrx_word' id='word_1_486' title='bbox 203 4244 237 4306; x_wconf 88' lang='lat' dir='ltr'>et</span> <span class='ocrx_word' id='word_1_487' title='bbox 250 4242 419 4320; x_wconf 84' lang='lat' dir='ltr'>diligimus</span> <span class='ocrx_word' id='word_1_488' title='bbox 437 4241 646 4318; x_wconf 83' lang='lat' dir='ltr'>signaculum</span> <span class='ocrx_word' id='word_1_489' title='bbox 664 4242 799 4319; x_wconf 88' lang='lat' dir='ltr'>propter</span> <span class='ocrx_word' id='word_1_490' title='bbox 813 4259 897 4305; x_wconf 92' lang='lat' dir='ltr'>cou-</span> <span class='ocrx_word' id='word_1_491' title='bbox 951 4255 1099 4316; x_wconf 79' lang='lat' dir='ltr'>regnum</span> <span class='ocrx_word' id='word_1_492' title='bbox 1123 4242 1162 4301; x_wconf 83' lang='lat' dir='ltr'>iu</span> <span class='ocrx_word' id='word_1_493' title='bbox 1189 4242 1343 4313; x_wconf 77' lang='lat' dir='ltr'>scipsum</span> <span class='ocrx_word' id='word_1_494' title='bbox 1369 4241 1520 4300; x_wconf 60' lang='lat' dir='ltr'>circeum</span> <span class='ocrx_word' id='word_1_495' title='bbox 1544 4238 1754 4300; x_wconf 72' lang='lat' dir='ltr'>desdooitur</span> 
     </span>
     <span class='ocr_line' id='line_1_42' title="bbox 95 4335 1753 4418; baseline -0.002 -18"><span class='ocrx_word' id='word_1_496' title='bbox 95 4341 277 4416; x_wconf 90' lang='lat' dir='ltr'>signatum.</span> <span class='ocrx_word' id='word_1_497' title='bbox 294 4341 377 4401; x_wconf 88' lang='lat' dir='ltr'>Dum</span> <span class='ocrx_word' id='word_1_498' title='bbox 390 4339 478 4400; x_wconf 89' lang='lat' dir='ltr'>enim</span> <span class='ocrx_word' id='word_1_499' title='bbox 491 4337 658 4415; x_wconf 88' lang='lat' dir='ltr'>signatum</span> <span class='ocrx_word' id='word_1_500' title='bbox 669 4338 827 4412; x_wconf 89' lang='lat' dir='ltr'>tollimus,</span> <span class='ocrx_word' id='word_1_501' title='bbox 839 4339 899 4402; x_wconf 93' lang='lat' dir='ltr'>de-</span> <span class='ocrx_word' id='word_1_502' title='bbox 953 4335 1046 4417; x_wconf 89' lang='lat' dir='ltr'>(Luc,</span> <span class='ocrx_word' id='word_1_503' title='bbox 1062 4353 1111 4408; x_wconf 85' lang='lat' dir='ltr'>xr,</span> <span class='ocrx_word' id='word_1_504' title='bbox 1127 4335 1191 4418; x_wconf 86' lang='grc'><strong>17).</strong></span> <span class='ocrx_word' id='word_1_505' title='bbox 1208 4336 1421 4399; x_wconf 81' lang='lat' dir='ltr'>Manifestum</span> <span class='ocrx_word' id='word_1_506' title='bbox 1440 4338 1491 4414; x_wconf 88' lang='lat' dir='ltr'>est</span> <span class='ocrx_word' id='word_1_507' title='bbox 1507 4336 1547 4398; x_wconf 94' lang='lat' dir='ltr'>do</span> <span class='ocrx_word' id='word_1_508' title='bbox 1565 4350 1669 4414; x_wconf 90' lang='lat' dir='ltr'>regno</span> <span class='ocrx_word' id='word_1_509' title='bbox 1683 4336 1753 4398; x_wconf 91' lang='lat' dir='ltr'>ter-</span> 
     </span>
     <span class='ocr_line' id='line_1_43' title="bbox 96 4433 1754 4514; baseline -0.001 -16"><span class='ocrx_word' id='word_1_510' title='bbox 96 4435 276 4498; x_wconf 86' lang='lat' dir='ltr'>iormatum</span> <span class='ocrx_word' id='word_1_511' title='bbox 286 4433 495 4511; x_wconf 84' lang='lat' dir='ltr'>signaculum</span> <span class='ocrx_word' id='word_1_512' title='bbox 505 4435 709 4512; x_wconf 62' lang='lat' dir='ltr'>proficimus,</span> <span class='ocrx_word' id='word_1_513' title='bbox 722 4435 899 4498; x_wconf 79' lang='grc'><strong>911101100-</strong></span> <span class='ocrx_word' id='word_1_514' title='bbox 951 4449 1044 4508; x_wconf 89' lang='lat' dir='ltr'>reno,</span> <span class='ocrx_word' id='word_1_515' title='bbox 1058 4435 1144 4514; x_wconf 90' lang='lat' dir='ltr'>quod</span> <span class='ocrx_word' id='word_1_516' title='bbox 1155 4436 1184 4497; x_wconf 90' lang='lat' dir='ltr'>si</span> <span class='ocrx_word' id='word_1_517' title='bbox 1195 4434 1365 4510; x_wconf 85' lang='lat' dir='ltr'>dividitur,</span> <span class='ocrx_word' id='word_1_518' title='bbox 1378 4434 1557 4498; x_wconf 91' lang='lat' dir='ltr'>desolatur.</span> <span class='ocrx_word' id='word_1_519' title='bbox 1568 4434 1661 4497; x_wconf 88' lang='lat' dir='ltr'>Unde</span> <span class='ocrx_word' id='word_1_520' title='bbox 1671 4449 1754 4514; x_wconf 84' lang='lat' dir='ltr'>prae·</span> 
     </span>
     <span class='ocr_line' id='line_1_44' title="bbox 96 4530 1751 4611; baseline 0 -17"><span class='ocrx_word' id='word_1_521' title='bbox 96 4549 224 4594; x_wconf 88' lang='lat' dir='ltr'>ramus.</span> <span class='ocrx_word' id='word_1_522' title='bbox 232 4531 360 4593; x_wconf 89' lang='lat' dir='ltr'>Dicitur</span> <span class='ocrx_word' id='word_1_523' title='bbox 370 4531 470 4603; x_wconf 91' lang='lat' dir='ltr'>enim,</span> <span class='ocrx_word' id='word_1_524' title='bbox 477 4534 601 4607; x_wconf 70' lang='lat' dir='ltr'>plenem</span> <span class='ocrx_word' id='word_1_525' title='bbox 609 4531 792 4607; x_wconf 75' lang='lat' dir='ltr'>sapientia,</span> <span class='ocrx_word' id='word_1_526' title='bbox 800 4532 896 4606; x_wconf 84' lang='lat' dir='ltr'>idest,</span> <span class='ocrx_word' id='word_1_527' title='bbox 952 4533 1190 4596; x_wconf 85' lang='lat' dir='ltr'>videndumest</span> <span class='ocrx_word' id='word_1_528' title='bbox 1200 4533 1359 4611; x_wconf 89' lang='lat' dir='ltr'>quantum</span> <span class='ocrx_word' id='word_1_529' title='bbox 1372 4532 1415 4596; x_wconf 89' lang='lat' dir='ltr'>sit</span> <span class='ocrx_word' id='word_1_530' title='bbox 1429 4532 1552 4594; x_wconf 90' lang='lat' dir='ltr'>malum</span> <span class='ocrx_word' id='word_1_531' title='bbox 1564 4530 1751 4610; x_wconf 81' lang='lat' dir='ltr'>discordiae,</span> 
     </span>
     <span class='ocr_line' id='line_1_45' title="bbox 97 4627 1752 4710; baseline -0.001 -17"><span class='ocrx_word' id='word_1_532' title='bbox 97 4628 289 4706; x_wconf 87' lang='lat' dir='ltr'>cognitione</span> <span class='ocrx_word' id='word_1_533' title='bbox 303 4627 474 4689; x_wconf 85' lang='lat' dir='ltr'>Trinitatis</span> <span class='ocrx_word' id='word_1_534' title='bbox 489 4643 718 4706; x_wconf 90' lang='lat' dir='ltr'>personarum,</span> <span class='ocrx_word' id='word_1_535' title='bbox 735 4628 768 4690; x_wconf 90' lang='lat' dir='ltr'>et</span> <span class='ocrx_word' id='word_1_536' title='bbox 783 4629 897 4691; x_wconf 89' lang='lat' dir='ltr'>unita·</span> <span class='ocrx_word' id='word_1_537' title='bbox 952 4631 1039 4710; x_wconf 88' lang='lat' dir='ltr'>quod</span> <span class='ocrx_word' id='word_1_538' title='bbox 1061 4646 1200 4707; x_wconf 90' lang='lat' dir='ltr'>regnum</span> <span class='ocrx_word' id='word_1_539' title='bbox 1224 4630 1309 4694; x_wconf 88' lang='lat' dir='ltr'>forte</span> <span class='ocrx_word' id='word_1_540' title='bbox 1328 4629 1428 4694; x_wconf 88' lang='lat' dir='ltr'>facile</span> <span class='ocrx_word' id='word_1_541' title='bbox 1447 4630 1540 4708; x_wconf 89' lang='lat' dir='ltr'>ponit</span> <span class='ocrx_word' id='word_1_542' title='bbox 1557 4629 1594 4692; x_wconf 89' lang='lat' dir='ltr'>iu</span> <span class='ocrx_word' id='word_1_543' title='bbox 1617 4629 1752 4691; x_wconf 87' lang='lat' dir='ltr'>desola-</span> 
     </span>
     <span class='ocr_line' id='line_1_46' title="bbox 96 4718 1754 4812; baseline 0.001 -23"><span class='ocrx_word' id='word_1_544' title='bbox 96 4727 140 4789; x_wconf 88' lang='lat' dir='ltr'>tis</span> <span class='ocrx_word' id='word_1_545' title='bbox 155 4725 321 4788; x_wconf 88' lang='lat' dir='ltr'>essentiae.</span> <span class='ocrx_word' id='word_1_546' title='bbox 335 4724 464 4786; x_wconf 89' lang='lat' dir='ltr'>Dicitur</span> <span class='ocrx_word' id='word_1_547' title='bbox 473 4725 650 4800; x_wconf 80' lang='lat' dir='ltr'>perfectus</span> <span class='ocrx_word' id='word_1_548' title='bbox 659 4728 791 4799; x_wconf 85' lang='lat' dir='ltr'>decore,</span> <span class='ocrx_word' id='word_1_549' title='bbox 806 4726 900 4812; x_wconf 68' lang='lat' dir='ltr'>scili·</span> <span class='ocrx_word' id='word_1_550' title='bbox 951 4718 1622 4806; x_wconf 71' lang='grc' dir='ltr'><strong>110119.Βί111111101190001111101,0001991</strong></span> <span class='ocrx_word' id='word_1_551' title='bbox 1637 4727 1754 4790; x_wconf 85' lang='lat' dir='ltr'>saneta</span> 
     </span>
     <span class='ocr_line' id='line_1_47' title="bbox 96 4821 1756 4906; baseline 0.001 -20"><span class='ocrx_word' id='word_1_552' title='bbox 96 4823 161 4896; x_wconf 89' lang='lat' dir='ltr'>cet,</span> <span class='ocrx_word' id='word_1_553' title='bbox 175 4821 380 4886; x_wconf 89' lang='lat' dir='ltr'>naturalium</span> <span class='ocrx_word' id='word_1_554' title='bbox 393 4821 566 4904; x_wconf 86' lang='lat' dir='ltr'>donorum,</span> <span class='ocrx_word' id='word_1_555' title='bbox 580 4822 693 4900; x_wconf 89' lang='lat' dir='ltr'>utpote</span> <span class='ocrx_word' id='word_1_556' title='bbox 703 4821 896 4897; x_wconf 80' lang='lat' dir='ltr'>subtilitate,</span> <span class='ocrx_word' id='word_1_557' title='bbox 953 4827 1112 4901; x_wconf 80' lang='lat' dir='ltr'>Ecclesia,</span> <span class='ocrx_word' id='word_1_558' title='bbox 1126 4827 1203 4888; x_wconf 86' lang='lat' dir='ltr'>dum</span> <span class='ocrx_word' id='word_1_559' title='bbox 1214 4827 1373 4890; x_wconf 82' lang='lat' dir='ltr'>dividitur</span> <span class='ocrx_word' id='word_1_560' title='bbox 1382 4843 1442 4906; x_wconf 92' lang='lat' dir='ltr'>per</span> <span class='ocrx_word' id='word_1_561' title='bbox 1451 4827 1597 4889; x_wconf 89' lang='lat' dir='ltr'>haereses</span> <span class='ocrx_word' id='word_1_562' title='bbox 1609 4827 1642 4889; x_wconf 90' lang='lat' dir='ltr'>et</span> <span class='ocrx_word' id='word_1_563' title='bbox 1651 4825 1756 4888; x_wconf 89' lang='lat' dir='ltr'>schis-</span> 
     </span>
     <span class='ocr_line' id='line_1_48' title="bbox 97 4919 1755 5008; baseline 0.002 -26"><span class='ocrx_word' id='word_1_564' title='bbox 97 4921 259 4999; x_wconf 71' lang='grc'><strong>1101111119,</strong></span> <span class='ocrx_word' id='word_1_565' title='bbox 286 4919 438 4982; x_wconf 87' lang='lat' dir='ltr'>claritate</span> <span class='ocrx_word' id='word_1_566' title='bbox 461 4921 494 4982; x_wconf 91' lang='lat' dir='ltr'>et</span> <span class='ocrx_word' id='word_1_567' title='bbox 517 4919 692 4982; x_wconf 88' lang='lat' dir='ltr'>similibus.</span> <span class='ocrx_word' id='word_1_568' title='bbox 720 4921 897 4999; x_wconf 85' lang='lat' dir='ltr'>Sequitur:</span> <span class='ocrx_word' id='word_1_569' title='bbox 953 4924 1060 4998; x_wconf 90' lang='lat' dir='ltr'>mata,</span> <span class='ocrx_word' id='word_1_570' title='bbox 1090 4923 1190 4987; x_wconf 90' lang='lat' dir='ltr'>facile</span> <span class='ocrx_word' id='word_1_571' title='bbox 1212 4924 1393 4990; x_wconf 88' lang='lat' dir='ltr'>desolatur.</span> <span class='ocrx_word' id='word_1_572' title='bbox 1415 4925 1503 5008; x_wconf 25' lang='lat' dir='ltr'>&#39;Quia</span> <span class='ocrx_word' id='word_1_573' title='bbox 1526 4925 1755 5004; x_wconf 90' lang='lat' dir='ltr'>unusquisque</span> 
     </span>
     <span class='ocr_line' id='line_1_49' title="bbox 98 5015 1757 5102; baseline 0.001 -19"><span class='ocrx_word' id='word_1_574' title='bbox 98 5015 900 5094; x_wconf 56' lang='grc' dir='ltr'><strong>Ι111161101181111111111310611111811,1168111111Ρρ</strong></span> <span class='ocrx_word' id='word_1_575' title='bbox 953 5023 1075 5100; x_wconf 91' lang='lat' dir='ltr'>quaerit</span> <span class='ocrx_word' id='word_1_576' title='bbox 1097 5023 1225 5086; x_wconf 87' lang='lat' dir='ltr'>tantum</span> <span class='ocrx_word' id='word_1_577' title='bbox 1241 5039 1324 5102; x_wconf 32' lang='lat' dir='ltr'>,quae</span> <span class='ocrx_word' id='word_1_578' title='bbox 1347 5039 1408 5088; x_wconf 90' lang='lat' dir='ltr'>sua</span> <span class='ocrx_word' id='word_1_579' title='bbox 1429 5024 1517 5086; x_wconf 92' lang='lat' dir='ltr'>sunt.</span> <span class='ocrx_word' id='word_1_580' title='bbox 1540 5022 1700 5086; x_wconf 89' lang='lat' dir='ltr'>Similiter</span> <span class='ocrx_word' id='word_1_581' title='bbox 1723 5024 1757 5084; x_wconf 91' lang='lat' dir='ltr'>et</span> 
     </span>
    </p>
   </div>
   <div class='ocr_carea' id='block_1_3' title="bbox 97 5114 1759 5700">
    <p class='ocr_par' dir='ltr' id='par_1_3' title="bbox 97 5114 1756 5297">
     <span class='ocr_line' id='line_1_50' title="bbox 98 5114 1756 5201; baseline 0.004 -23"><span class='ocrx_word' id='word_1_582' title='bbox 98 5120 152 5178; x_wconf 83' lang='lat' dir='ltr'>rei</span> <span class='ocrx_word' id='word_1_583' title='bbox 169 5119 257 5188; x_wconf 85' lang='lat' dir='ltr'>coelt,</span> <span class='ocrx_word' id='word_1_584' title='bbox 274 5115 372 5194; x_wconf 91' lang='lat' dir='ltr'>quod,</span> <span class='ocrx_word' id='word_1_585' title='bbox 390 5114 592 5178; x_wconf 80' lang='lat' dir='ltr'>moxutfuit</span> <span class='ocrx_word' id='word_1_586' title='bbox 610 5114 749 5192; x_wconf 88' lang='lat' dir='ltr'>factum,</span> <span class='ocrx_word' id='word_1_587' title='bbox 769 5117 899 5194; x_wconf 90' lang='lat' dir='ltr'>angelis</span> <span class='ocrx_word' id='word_1_588' title='bbox 954 5136 1095 5200; x_wconf 88' lang='lat' dir='ltr'>regnum</span> <span class='ocrx_word' id='word_1_589' title='bbox 1116 5121 1301 5200; x_wconf 84' lang='lat' dir='ltr'>spirituale,</span> <span class='ocrx_word' id='word_1_590' title='bbox 1324 5122 1411 5201; x_wconf 91' lang='lat' dir='ltr'>qnod</span> <span class='ocrx_word' id='word_1_591' title='bbox 1434 5123 1486 5185; x_wconf 92' lang='lat' dir='ltr'>est</span> <span class='ocrx_word' id='word_1_592' title='bbox 1506 5121 1617 5184; x_wconf 89' lang='lat' dir='ltr'>anima</span> <span class='ocrx_word' id='word_1_593' title='bbox 1639 5120 1756 5184; x_wconf 86' lang='lat' dir='ltr'>sancia</span> 
     </span>
     <span class='ocr_line' id='line_1_51' title="bbox 97 5213 1755 5297; baseline 0.002 -21"><span class='ocrx_word' id='word_1_594' title='bbox 97 5213 161 5277; x_wconf 87' lang='lat' dir='ltr'>fuit</span> <span class='ocrx_word' id='word_1_595' title='bbox 173 5213 348 5292; x_wconf 89' lang='lat' dir='ltr'>repletum.</span> <span class='ocrx_word' id='word_1_596' title='bbox 816 5241 818 5246; x_wconf 58' lang='grc'>’</span> <span class='ocrx_word' id='word_1_597' title='bbox 955 5235 1044 5297; x_wconf 87' lang='lat' dir='ltr'>saepe</span> <span class='ocrx_word' id='word_1_598' title='bbox 1076 5219 1248 5283; x_wconf 90' lang='lat' dir='ltr'>desolatur</span> <span class='ocrx_word' id='word_1_599' title='bbox 1277 5221 1355 5283; x_wconf 94' lang='lat' dir='ltr'>dum</span> <span class='ocrx_word' id='word_1_600' title='bbox 1383 5219 1544 5282; x_wconf 87' lang='lat' dir='ltr'>dividitur</span> <span class='ocrx_word' id='word_1_601' title='bbox 1569 5218 1610 5282; x_wconf 90' lang='lat' dir='ltr'>ad</span> <span class='ocrx_word' id='word_1_602' title='bbox 1638 5219 1755 5282; x_wconf 90' lang='lat' dir='ltr'>multa.</span> 
     </span>
    </p>

    <p class='ocr_par' dir='ltr' id='par_1_4' title="bbox 100 5311 1759 5700">
     <span class='ocr_line' id='line_1_52' title="bbox 137 5311 1759 5391; baseline 0.002 -17"><span class='ocrx_word' id='word_1_603' title='bbox 137 5315 188 5374; x_wconf 78' lang='lat' dir='ltr'>Ex</span> <span class='ocrx_word' id='word_1_604' title='bbox 206 5312 412 5387; x_wconf 77' lang='lat' dir='ltr'>antiquitate</span> <span class='ocrx_word' id='word_1_605' title='bbox 427 5311 605 5388; x_wconf 83' lang='lat' dir='ltr'>temporis,</span> <span class='ocrx_word' id='word_1_606' title='bbox 627 5311 706 5389; x_wconf 88' lang='lat' dir='ltr'>quia</span> <span class='ocrx_word' id='word_1_607' title='bbox 728 5311 836 5389; x_wconf 87' lang='lat' dir='ltr'>prima</span> <span class='ocrx_word' id='word_1_608' title='bbox 850 5311 902 5374; x_wconf 91' lang='lat' dir='ltr'>est</span> <span class='ocrx_word' id='word_1_609' title='bbox 955 5317 1049 5380; x_wconf 86' lang='lat' dir='ltr'>Unde</span> <span class='ocrx_word' id='word_1_610' title='bbox 1064 5318 1316 5380; x_wconf 90' lang='lat' dir='ltr'>Ecclesiasticus</span> <span class='ocrx_word' id='word_1_611' title='bbox 1333 5321 1432 5391; x_wconf 71' lang='grc'><strong>111111,</strong></span> <span class='ocrx_word' id='word_1_612' title='bbox 1445 5332 1489 5380; x_wconf 83' lang='lat' dir='ltr'>ue</span> <span class='ocrx_word' id='word_1_613' title='bbox 1505 5319 1544 5380; x_wconf 77' lang='lat' dir='ltr'>in</span> <span class='ocrx_word' id='word_1_614' title='bbox 1555 5319 1673 5381; x_wconf 73' lang='lat' dir='ltr'>multis</span> <span class='ocrx_word' id='word_1_615' title='bbox 1686 5318 1759 5380; x_wconf 79' lang='grc'><strong>1101</strong></span> 
     </span>
     <span class='ocr_line' id='line_1_53' title="bbox 100 5409 1757 5496; baseline 0.002 -24"><span class='ocrx_word' id='word_1_616' title='bbox 100 5409 264 5483; x_wconf 88' lang='lat' dir='ltr'>creatura,</span> <span class='ocrx_word' id='word_1_617' title='bbox 278 5425 346 5471; x_wconf 92' lang='lat' dir='ltr'>non</span> <span class='ocrx_word' id='word_1_618' title='bbox 359 5425 434 5488; x_wconf 88' lang='lat' dir='ltr'>quaa</span> <span class='ocrx_word' id='word_1_619' title='bbox 448 5410 584 5472; x_wconf 88' lang='lat' dir='ltr'>cunctas</span> <span class='ocrx_word' id='word_1_620' title='bbox 601 5409 824 5488; x_wconf 88' lang='lat' dir='ltr'>praecesserit,</span> <span class='ocrx_word' id='word_1_621' title='bbox 842 5409 900 5471; x_wconf 89' lang='lat' dir='ltr'>sed</span> <span class='ocrx_word' id='word_1_622' title='bbox 955 5415 1052 5478; x_wconf 76' lang='lat' dir='ltr'>octies</span> <span class='ocrx_word' id='word_1_623' title='bbox 1067 5415 1118 5477; x_wconf 84' lang='lat' dir='ltr'>tui</span> <span class='ocrx_word' id='word_1_624' title='bbox 1134 5413 1286 5495; x_wconf 79' lang='lat' dir='ltr'>(Decies,</span> <span class='ocrx_word' id='word_1_625' title='bbox 1304 5431 1352 5488; x_wconf 86' lang='lat' dir='ltr'>xr,</span> <span class='ocrx_word' id='word_1_626' title='bbox 1374 5413 1438 5496; x_wconf 89' lang='grc'><strong>10).</strong></span> <span class='ocrx_word' id='word_1_627' title='bbox 1453 5418 1491 5478; x_wconf 93' lang='lat' dir='ltr'>ln</span> <span class='ocrx_word' id='word_1_628' title='bbox 1503 5415 1567 5494; x_wconf 82' lang='lat' dir='ltr'>isto</span> <span class='ocrx_word' id='word_1_629' title='bbox 1580 5430 1683 5492; x_wconf 87' lang='lat' dir='ltr'>reguo</span> <span class='ocrx_word' id='word_1_630' title='bbox 1698 5428 1757 5476; x_wconf 88' lang='lat' dir='ltr'>eor</span> 
     </span>
     <span class='ocr_line' id='line_1_54' title="bbox 100 5505 1759 5592; baseline 0.003 -23"><span class='ocrx_word' id='word_1_631' title='bbox 100 5524 198 5586; x_wconf 89' lang='lat' dir='ltr'>quam</span> <span class='ocrx_word' id='word_1_632' title='bbox 214 5505 307 5569; x_wconf 90' lang='lat' dir='ltr'>nulla</span> <span class='ocrx_word' id='word_1_633' title='bbox 319 5507 501 5586; x_wconf 72' lang='lat' dir='ltr'>precessit.</span> <span class='ocrx_word' id='word_1_634' title='bbox 518 5505 631 5569; x_wconf 89' lang='lat' dir='ltr'>Prima</span> <span class='ocrx_word' id='word_1_635' title='bbox 645 5508 799 5571; x_wconf 89' lang='lat' dir='ltr'>creatura</span> <span class='ocrx_word' id='word_1_636' title='bbox 817 5506 902 5570; x_wconf 92' lang='lat' dir='ltr'>dici·</span> <span class='ocrx_word' id='word_1_637' title='bbox 956 5513 1116 5578; x_wconf 81' lang='lat' dir='ltr'>diuiditur</span> <span class='ocrx_word' id='word_1_638' title='bbox 1136 5529 1156 5576; x_wconf 90' lang='lat' dir='ltr'>a</span> <span class='ocrx_word' id='word_1_639' title='bbox 1179 5513 1306 5590; x_wconf 88' lang='lat' dir='ltr'>lingua,</span> <span class='ocrx_word' id='word_1_640' title='bbox 1330 5514 1462 5592; x_wconf 86' lang='lat' dir='ltr'>quando</span> <span class='ocrx_word' id='word_1_641' title='bbox 1486 5513 1586 5576; x_wconf 89' lang='lat' dir='ltr'>homo</span> <span class='ocrx_word' id='word_1_642' title='bbox 1610 5511 1759 5590; x_wconf 87' lang='lat' dir='ltr'>loquitur</span> 
     </span>
     <span class='ocr_line' id='line_1_55' title="bbox 101 5603 1759 5700; baseline 0.003 -32"><span class='ocrx_word' id='word_1_643' title='bbox 101 5608 153 5669; x_wconf 90' lang='lat' dir='ltr'>tor</span> <span class='ocrx_word' id='word_1_644' title='bbox 167 5604 312 5679; x_wconf 83' lang='lat' dir='ltr'>Lucifer,</span> <span class='ocrx_word' id='word_1_645' title='bbox 329 5605 401 5700; x_wconf 84' lang='lat' dir='ltr'>siue</span> <span class='ocrx_word' id='word_1_646' title='bbox 417 5603 567 5668; x_wconf 88' lang='lat' dir='ltr'>diabolus</span> <span class='ocrx_word' id='word_1_647' title='bbox 582 5603 709 5670; x_wconf 89' lang='lat' dir='ltr'>duabus</span> <span class='ocrx_word' id='word_1_648' title='bbox 724 5605 899 5670; x_wconf 89' lang='lat' dir='ltr'>decausis.</span> <span class='ocrx_word' id='word_1_649' title='bbox 955 5619 1071 5689; x_wconf 87' lang='lat' dir='ltr'>paoem</span> <span class='ocrx_word' id='word_1_650' title='bbox 1091 5627 1165 5674; x_wconf 92' lang='lat' dir='ltr'>cum</span> <span class='ocrx_word' id='word_1_651' title='bbox 1182 5611 1336 5688; x_wconf 80' lang='lat' dir='ltr'>proximo</span> <span class='ocrx_word' id='word_1_652' title='bbox 1356 5627 1428 5686; x_wconf 88' lang='lat' dir='ltr'>suo,</span> <span class='ocrx_word' id='word_1_653' title='bbox 1453 5612 1510 5676; x_wconf 91' lang='lat' dir='ltr'>sed</span> <span class='ocrx_word' id='word_1_654' title='bbox 1526 5625 1584 5674; x_wconf 88' lang='grc'>001</span> <span class='ocrx_word' id='word_1_655' title='bbox 1598 5613 1671 5692; x_wconf 89' lang='lat' dir='ltr'>ejus</span> <span class='ocrx_word' id='word_1_656' title='bbox 1686 5609 1759 5690; x_wconf 89' lang='lat' dir='ltr'>ple-</span> 
     </span>
    </p>
   </div>
   <div class='ocr_carea' id='block_1_4' title="bbox 240 5774 1610 5833">
    <p class='ocr_par' dir='ltr' id='par_1_5' title="bbox 240 5774 1610 5833">
     <span class='ocr_line' id='line_1_56' title="bbox 240 5774 1610 5833; baseline 0.001 -3"><span class='ocrx_word' id='word_1_657' title='bbox 240 5775 354 5832; x_wconf 79' lang='grc'><strong>1111101.</strong></span> <span class='ocrx_word' id='word_1_658' title='bbox 375 5785 448 5829; x_wconf 82' lang='lat' dir='ltr'>rous</span> <span class='ocrx_word' id='word_1_659' title='bbox 467 5774 489 5832; x_wconf 94' lang='lat' dir='ltr'>l.</span> <span class='ocrx_word' id='word_1_660' title='bbox 1565 5775 1610 5833; x_wconf 80' lang='lat' dir='ltr'>tt.</span> 
     </span>
    </p>
   </div>
   <div class='ocr_carea' id='block_1_5' title="bbox 0 0 2022 6292">
    <p class='ocr_par' dir='ltr' id='par_1_6' title="bbox 0 0 2022 6292">
     <span class='ocr_line' id='line_1_57' title="bbox 0 0 2022 6292; baseline 0 0"><span class='ocrx_word' id='word_1_661' title='bbox 0 0 2022 6292; x_wconf 95' lang='lat' dir='ltr'> </span> 
     </span>
    </p>
   </div>
  </div>
 </body>
</html>
