4122 6308
286 357 346 422 943
750 353 927 422 nouonn
948 353 994 421 111
1015 351 1162 420 OPERA.
1182 387 1219 402 ·-
1235 349 1470 422 submoues-
1869 357 1932 427 eil

285 509 352 594 tur,
382 520 416 581 et
439 535 460 587 a
482 515 595 582 multls
617 515 784 582 incolltur.
809 517 908 596 Quia,
934 516 1083 597 quamvls
1138 517 1175 578 ln
1190 515 1331 592 deserto,
1348 518 1472 602 miseri,
1487 518 1544 581 sed
1559 513 1667 583 liberi.
1687 517 1728 583 ln
1745 521 1836 584 terra
1851 535 1935 600 pro⁴

287 615 383 679 multi
400 615 468 679 sint
480 615 600 689 vocati,
621 616 719 694 pauci
736 617 847 680 tamen
864 615 972 681 electi.
987 614 1084 678 Multi
1138 613 1317 689 missionis,
1335 615 1424 678 beati
1445 617 1479 680 et
1495 617 1603 680 liberi.
1620 619 1657 681 In
1671 619 1813 698 AEgypto
1833 621 1934 682 satu·-

290 717 368 776 sunt
396 713 650 777 nominetenus
680 713 716 776 in
742 714 812 776 sita
832 713 1009 793 spirituali,
1027 712 1084 791 qul
1137 727 1262 786 ramur,
1287 714 1321 776 et
1344 713 1513 776 caedimur.
1536 717 1574 777 ln
1593 715 1735 790 deserto,
1751 709 1933 790 esurimus,-

284 826 392 891 -prava
407 813 576 875 voluntate
592 813 669 874 sunt
682 811 969 874 invitasaeculari.
983 811 1085 874 Etde-
1137 825 1205 871 non
1226 811 1337 873 tamen
1363 811 1580 890 flagellamur.
1608 815 1646 876 In
1671 814 1760 876 terra
1786 815 1933 892 promis-

287 909 465 970 bemusire
480 908 521 970 ad
536 911 680 971 montem
701 910 772 982 Dei,
798 908 893 983 idest,
916 909 958 971 ad
980 909 1085 972 dileo-
1138 907 1254 982 sionis,
1283 925 1349 970 non
1371 909 1578 986 flagellamur
1598 911 1631 973 et
1651 913 1851 974 saturamur.
1866 911 1933 974 Sed

289 1007 412 1069 tionem
418 1007 478 1068 Dei
486 1006 519 1068 et
526 1007 680 1085 proximi,
689 1006 721 1068 et
731 1007 777 1068 ibi
787 1007 893 1084 legem
903 1007 1082 1084 suscipere,
1138 1004 1258 1068 nobilis
1270 1007 1402 1069 virtutis
1414 1007 1545 1069 animus
1558 1008 1651 1086 eligit
1664 1009 1771 1085 magis
1784 1009 1935 1088 inopiam

288 1104 384 1177 idest,
398 1104 813 1182 mandatalegisoperibus
825 1104 1016 1184 adimplere.
1030 1103 1084 1165 Sic
1138 1118 1213 1164 oum
1225 1101 1387 1179 libertate,
1402 1121 1500 1192 quam
1522 1105 1558 1168 in
1580 1105 1739 1169 servitute
1759 1105 1938 1169 abundan-

288 1200 529 1264 celebrabimus
544 1201 771 1263 Pentecosten.
1138 1200 1230 1262 tiam
1267 1203 1305 1264 In
1337 1202 1482 1280 AEgypto
1513 1217 1698 1280 peccamus,
1732 1204 1768 1266 in
1802 1203 1937 1266 deserto

328 1299 392 1362 liic
417 1314 575 1361 numerus
601 1299 812 1373 pentecostes
837 1298 1019 1375 completur
1042 1311 1085 1359 ex
1138 1297 1339 1372 laboramus,
1355 1300 1389 1362 in
1413 1300 1503 1363 tenu
1526 1299 1757 1379 promissionis
1781 1301 1935 1380 quiesci-

222 1421 225 1430 ·
289 1397 416 1459 duobus
431 1395 640 1473 septenariis,
656 1394 752 1468 idest,
767 1394 1040 1472 septies‘septem,
1053 1394 1086 1457 et
1139 1411 1224 1457 mus.
1252 1396 1289 1458 In
1311 1398 1456 1476 AEgypio
1479 1398 1530 1461 est
1548 1399 1791 1477 praevaricatio,
1813 1399 1850 1461 in
1875 1399 1940 1460 de-

290 1494 339 1556 sio
360 1509 502 1571 sequens
527 1493 578 1555 est
598 1491 901 1571 quinquagesimus.
926 1491 1087 1568 Septena—
1139 1493 1227 1555 serto
1259 1494 1470 1570 exercitatio,
1506 1495 1541 1558 in
1573 1485 1671 1558 terra
1701 1493 1939 1574 promissionis

289 1590 361 1652 rius
382 1589 547 1666 significat
570 1588 694 1666 septem
714 1588 915 1666 principales
933 1587 1083 1660 virtutes,
1139 1588 1444 1654 sabbathizatio.1n
1469 1592 1633 1670 principio
1660 1593 1775 1655 mundi
1789 1594 1937 1672 primum

291 1703 365 1764 quae
377 1687 413 1748 in
425 1686 605 1762 Evangelio
624 1685 850 1760 designantur,
868 1684 926 1745 ubi
941 1684 1084 1746 dicitur:
1140 1687 1266 1752 creavit
1279 1691 1366 1751 Deus
1380 1689 1607 1752 contusionem
1620 1712 1628 1766 ;
1643 1692 1757 1768 postea
1778 1691 1938 1768 operatus

290 1784 392 1845 Beati
407 1797 584 1859 pauperes
606 1783 740 1856 Spiritu
743 1824 803 1842 .....
830 1777 960 1860 (Matth.
984 1797 1017 1853 v,
1039 1779 1084 1860 3).
1139 1784 1190 1847 est
1217 1785 1477 1864 dispositionem.
1503 1787 1628 1849 Deinde
1655 1788 1780 1865 recepit
1806 1787 1938 1865 requie·

289 1881 375 1942 Nam
390 1882 507 1941 octava
521 1876 673 1956 probatio
686 1878 737 1940 est
750 1876 1084 1949 caeterarum.nliter,
1139 1881 1274 1944 tionem.
1310 1885 1348 1944 ln
1381 1885 1560 1962 AEgyptum
1599 1885 1739 1962 populus
1778 1885 1938 1962 operatus

290 1977 499 2054 septenarius
523 1975 688 2052 significat
708 1975 833 2052 septem
853 1973 1084 2041 beatitudines,
1141 1979 1191 2041 est
1210 1979 1438 2058 'iniquitatem
1455 1982 1490 2042 in
1506 1981 1635 2043 deserto
1656 1981 1784 2059 accepit
1803 1981 1941 2044 exerci-

291 2091 365 2152 quae
379 2075 503 2135 ibidem
518 2073 739 2145 continentur,
757 2075 919 2147 quorsom
932 2075 1088 2146 ipsorum
1139 2076 1318 2154 tationem3
1352 2077 1387 2138 in
1418 2077 1509 2140 terra
1544 2078 1773 2157 promissionis
1807 2077 1939 2141 invenit

291 2173 344 2236 est
366 2187 514 2250 raparum
532 2165 698 2233 'coelorum
721 2167 852 2248 (mann.
874 2185 906 2241 s,
931 2167 976 2248 3).
1001 2169 1087 2229 Nam
1140 2175 1299 2251 requiem.
1315 2177 1353 2236 ln
1367 2175 1436 2238 sita
1453 2176 1607 2238 saeculari
1628 2175 1789 2250 conlusio,
1802 2175 1838 2238 in
1852 2192 1939 2238 con-

293 2270 410 2333 octava
431 2269 600 2331 beatitudo
619 2266 734 2329 eadem
753 2267 813 2339 esi,
831 2282 905 2343 quae
920 2265 953 2327 et
966 2265 1084 2342 prima,
1139 2272 1329 2336 versatione
1358 2272 1525 2350 spirituali
1555 2272 1762 2342 exercitatio,
1793 2273 1829 2334 in
1863 2273 1939 2336 vita

292 2369 371 2447 quia
390 2367 422 2429 et
446 2364 646 2444 pauperibus
670 2363 800 2441 spiritu,
821 2365 855 2424 et
876 2363 1085 2439 persecutio·
1141 2369 1266 2432 coelesti
1294 2370 1467 2448 requietio.
1495 2372 1533 2432 ln
1561 2386 1662 2432 carne
1689 2370 1870 2448 peccatum,
1898 2369 1939 2430 in

291 2485 367 2530 nem
382 2463 583 2546 patientibus
604 2476 743 2540 regnum
764 2460 922 2523 coelorum
943 2460 1087 2540 promit·
1141 2467 1942 2548 spirituoxercitium,innsosabnathun.AEgyp

290 2566 383 2629 titur.
1140 2570 1194 2632 tus
1208 2569 1259 2631 est
1277 2567 1346 2632 rita
1366 2565 1547 2636 secularis,
1568 2565 1734 2627 desertum
1745 2563 1814 2626 vita
1832 2564 1941 2642 spiri-

331 2657 611 2736 Quemadmodum
651 2673 730 2735 orgo
760 2657 885 2735 septem
909 2655 1086 2720 virtutibus
1139 2666 1253 2739 malis,
1287 2664 1377 2728 terra
1409 2663 1640 2741 promissionis
1673 2662 1745 2724 vita
1777 2661 1937 2724 ooelestis.

292 2761 417 2838 septem
444 2757 666 2820 beatitudines
691 2754 899 2833 copulantur,
929 2757 1086 2832 septena·
1140 2763 1304 2842 AEgyptns
1318 2777 1409 2836 caro,
1422 2762 1588 2823 desertum
1603 2761 1745 2832 animus,
1758 2758 1846 2821 terra
1861 2773 1943 2835 pro-

291 2860 363 2921 rius
384 2855 564 2934 paralium
586 2853 810 2932 septenarium
835 2851 1084 2930 multiplicatur,
1140 2860 1309 2922 missionis
1323 2862 1421 2922 neus.
1438 2859 1601 2936 AEgyptus
1611 2857 1759 2930 leriolio,
1768 2855 1940 2918 desertum

292 2957 326 3019 01
358 2951 661 3033 quinquagenarius
682 2951 854 3011 'numerus
891 2948 1084 3025 mutiletur,
1141 2957 1318 3030 stabulum,
1351 2957 1442 3019 terra
1476 2954 1706 3033 promissionis
1736 2952 1940 3017 Jerusalem.

291 3052 423 3132 quando
448 3051 559 3112 anima
587 3047 755 3128 praediciis
780 3045 958 3108 virtutibus
988 3061 1087 3108 010?-
1140 3056 1303 3133 AEgyptns
1324 3052 1477 3126 mundus,
1491 3051 1656 3114 desertum
1672 3049 1830 3124 Ecclesia,
1843 3049 1940 3112 terra

291 3151 403 3223 citata,
431 3146 624 3210 muneribus
649 3144 834 3221 glorificata
860 3141 901 3206 ad
928 3142 1087 3205 aeternam
1140 3152 1371 3230 promissionis
1391 3149 1460 3211 vita
1484 3150 1621 3211 aeterna.
1645 3149 1682 3210 In
1700 3149 1840 3225 AEgyptc
1862 3162 1942 3207 ser-

290 3247 475 3310 claritatem
510 3243 701 3306 assumitur.
737 3243 816 3302 liaec
851 3241 929 3303 sunt
962 3239 1086 3317 septem
1131 3232 1249 3312 simus
1283 3247 1464 3320 Plias-soni,
1497 3246 1597 3318 idest,
1632 3237 1779 3317 diabolo,
1811 3244 1868 3322 qui
1900 3243 1942 3304 in

290 3343 492 3409 charismata
525 3339 725 3418 septilOrmis
762 3337 909 3416 spiritus·
939 3337 982 3398 Hi
1008 3337 1085 3399 Sillii
1140 3347 1287 3424 tempore
1302 3359 1428 3421 negans
1443 3359 1531 3416 eum,
1544 3342 1682 3415 scilicet,
1696 3344 1812 3414 Deum,
1827 3340 1941 3402 dixit:

290 3444 416 3522 septem
438 3439 520 3508 dies,
536 3438 655 3517 quibus
677 3435 829 3498 conditus
853 3435 887 3496 et
909 3433 1087 3511 dispositus
1140 3447 1327 3507 Dominum
1353 3456 1423 3504 non
1449 3444 1592 3517 oopnovt
1616 3440 1650 3502 et
1672 3443 1837 3500 lsraelem
1866 3451 1941 3500 lton

291 3543 342 3604 est
356 3539 508 3602 mundus.
524 3539 603 3598 Haec
616 3536 693 3596 sunt
705 3532 864 3595 animalia
879 3531 937 3593 illa
952 3531 1087 3602 munda,
1140 3542 1315 3604 dimittam
1336 3537 1456 3619 (Εχοᾱ.
1476 3553 1509 3610 v,
1532 3534 1579 3614 2).
1601 3536 1687 3598 lluio
1714 3535 1877 3597 servimus
1901 3535 1942 3596 in

290 3656 365 3718 quae
388 3639 460 3700 Noe
483 3634 619 3711 sepienti
641 3631 824 3694 introduxit
850 3630 886 3690 in
905 3645 1028 3691 arcam.
1044 3629 1087 3691 Hi
1141 3639 1285 3717 AEgypto
1299 3638 1335 3699 in
1349 3636 1419 3699 luto
1432 3637 1466 3697 et
1479 3634 1586 3712 palea,
1602 3633 1721 3696 Lutum
1743 3633 1794 3694 est
1813 3647 1944 3694 concu-

292 3737 370 3798 sunt
383 3734 509 3811 septem
531 3730 591 3791 dlii
610 3729 682 3801 lob,
699 3728 755 3805 qui
779 3725 945 3789 iaciebant
968 3725 1087 3788 conri-
1141 3735 1304 3814 piscantia
1331 3733 1455 3804 carnis,
1483 3730 1579 3809 palea
1603 3745 1723 3808 pompa
1753 3727 1941 3792 saecularis.

290 3835 394 3905 vium,
424 3829 650 3906 unusquisque
673 3825 709 3886 ¹11
737 3824 791 3885 <¹10
819 3825 978 3885 ⁸110]ae
1011 3822 1089 3884 suni
1142 3833 1203 3894 Illa
1228 3847 1289 3910 per
1311 3829 1568 3892 delectationem
1591 3825 1638 3906 (1)
1662 3826 1835 3906 inquinat3
1866 3824 1943 3890 baec

292 3933 418 4008 septem
433 3929 579 3992 lucernae
601 3921 793 3986 candelabri
812 3923 848 3983 in
871 3921 1088 3984 tabernaculo
1142 3946 1202 4008 pm
1221 3927 1474 3992 mutabilitatem
1495 3926 1529 3987 st
1552 3923 1802 3987 instabilitatem
1827 3925 1943 3985 trans-

291 4027 434 4093 nomini.
464 4026 507 4087 lli
539 4023 617 4085 sunt
645 4023 770 4099 septem
798 4019 887 4082 oculi
914 4018 950 4080 in
977 4017 1088 4096 lapide
1142 4028 1243 4092 volat,

292 4127 391 4191 unico
404 4123 585 4188 Zachariae.
603 4123 662 4182 Hae
678 4117 756 4180 sunt
774 4117 899 4196 septem
918 4116 1087 4191 mulieres,
1182 4126 1361 4204 propterea
1387 4121 1548 4184 exeuntes
1574 4117 1615 4182 ab
1638 4119 1795 4196 AEgypto,
1821 4118 1855 4178 at
1880 4133 1942 4195 per

292 4241 377 4306 duae,
409 4220 590 4285 secundum
622 4217 719 4280 1⁸³1ae
745 4215 951 4289 vaticinium,
978 4214 1089 4277 Virum
1143 4240 1235 4286 mare
1246 4220 1400 4301 baptismi
1417 4217 1579 4295 sanguine
1597 4217 1720 4278 Christi
1734 4215 1940 4277 rubricatum

291 4339 395 4388 unum
428 4314 729 4400 apprehenderunt·
765 4315 824 4375 Hae
854 4312 932 4376 suni
964 4313 1089 4390 sepiem
1143 4323 1185 4386 ad
1195 4321 1383 4384 libertatem
1392 4316 1569 4400 transituri
1581 4313 1771 4376 abdicemus
1786 4312 1941 4374 servituti

290 4422 442 4494 Virtutes,
477 4432 551 4495 quae
586 4414 622 4475 1¹¹
652 4411 833 4488 EV³1¹80150
867 4409 1089 4473 beatitudines
1143 4419 1340 4492 Pharaonis,
1353 4414 1625 4478 abrenuntiantes
1639 4411 1771 4474 diabolo
1786 4409 1942 4473 etomni-

291 4517 512 4600 appellaniiff·
528 4515 587 4576 Hae
603 4511 681 4574 suni
692 4511 817 4587 sepiem
837 4508 962 4584 lisssslffl
981 4508 1089 4584 issneae
1143 4518 1205 4580 bus
1217 4515 1372 4595 operibns
1386 4516 1469 4591 eius,
1486 4513 1519 4574 et
1533 4509 1685 4573 omnibus
1704 4509 1833 4587 pompis
1848 4510 1940 4586 ejus3

291 4621 371 4692 illae,
388 4631 462 4695 quaa
479 4615 514 4676 in
531 4611 585 4673 die
597 4606 809 4672 Pentecostes
824 4621 924 4684 super
942 4605 1091 4684 discipu·
1144 4616 1179 4676 in
1193 4614 1264 4674 luto
1278 4611 1444 4689 operibus,
1460 4609 1495 4670 in
1507 4609 1604 4688 palea
1616 4605 1756 4686 pompis.
1773 4604 1941 4668 exeuntes

291 4717 342 4779 los
360 4715 443 4780 sisae
464 4712 550 4774 sunt.
568 4709 610 4771 lli
626 4706 703 4770 sunt
723 4705 848 4783 septem
872 4702 1010 4782 spiritus
1029 4703 1090 4765 Dei
1143 4713 1255 4788 itaque
1271 4709 1313 4771 ab
1324 4708 1468 4788 AEgypto
1486 4709 1522 4768 in
1541 4706 1708 4769 desertum
1722 4703 1943 4781 relinquimus

293 4815 387 4877 missi
397 4813 432 4876 in
444 4825 573 4874 omnem
586 4808 720 4869 terram.
732 4807 792 4866 Hae
808 4803 932 4881 septem
943 4801 1087 4874 frondes,
1144 4808 1248 4882 mala,
1276 4807 1313 4869 ut
1338 4822 1404 4868 non
1440 4805 1697 4868 consentiamus.
1726 4801 1894 4864 meantes
1922 4816 1942 4861 a

294 4927 368 4989 qnae
383 4909 548 4971 Christum
563 4905 737 4969 Dominum
753 4902 901 4964 nostrum
914 4899 1088 4962 adornant.
1145 4905 1276 4970 deserto
1297 4903 1332 4964 in
1357 4902 1482 4965 terram
1504 4900 1746 4980 promissionis,
1769 4898 1945 4960 evadimus

294 5009 330 5071 si
343 5022 422 5083 ergo
436 5004 589 5068 volumus
600 5001 764 5064 veraciter
776 4999 993 5062 Pentecosten
1008 4998 1091 5060 cele-
1146 5003 1244 5077 mala,
1274 5001 1311 5064 ut
1338 5017 1404 5063 non
1433 5001 1629 5063 sentiamus.
1659 5000 1696 5060 In
1723 4997 1868 5076 AEgyptc
1893 4997 1947 5058 est

234 5115 237 5134 ⁸
293 5107 403 5179 brare,
424 5104 457 5165 et
477 5100 635 5179 Spiritum
656 5100 812 5160 Sanctum
834 5097 997 5174 accipere,
1021 5095 1093 5157 stu·
1145 5117 1257 5182 pugna
1271 5099 1515 5175 sineuictoria3
1531 5099 1565 5160 in
1579 5097 1723 5175 AEgypto
1739 5094 1816 5156 sunt
1832 5094 1947 5157 deleo-

294 5205 430 5266 deamus
449 5214 509 5278 per
527 5197 702 5277 praedictas
721 5193 860 5257 virtutes
875 5193 916 5256 ad
932 5196 1092 5256 aeternam
1145 5200 1287 5264 tationes
1308 5197 1404 5259 malae
1428 5197 1461 5260 et
1486 5197 1609 5270 multae,
1631 5211 1697 5257 non
1715 5193 1827 5257 tamen
1848 5192 1945 5255 solae.

294 5299 531 5366 beatitudinem
546 5294 731 5374 pervenire·
1146 5301 1183 5360 In
1194 5295 1325 5359 deserto
1336 5294 1413 5358 sunt
1422 5294 1658 5358 delectationes
1667 5293 1763 5355 bonae
1774 5292 1807 5354 et
1814 5307 1945 5369 paucae,

333 5404 440 5464 Locus
466 5394 669 5470 designatur,
694 5407 769 5453 oum
798 5388 949 5452 diciim‘t
978 5387 1093 5451 Erant
1146 5413 1215 5458 non
1240 5395 1350 5458 tamen
1378 5394 1491 5455 nullae.
1522 5395 1559 5455 ln
1594 5393 1683 5455 terra
1711 5389 1946 5469 promissionis

294 5499 450 5573 sttsolpult
466 5492 606 5569 liariter
626 5494 663 5552 tn
684 5493 802 5553 eodem
816 5495 897 5552 l000·
917 5489 996 5550 Tria
1017 5484 1093 5548 suni
1148 5493 1381 5556 delectationes
1395 5491 1491 5554 bonae
1507 5491 1540 5553 et
1556 5491 1679 5564 multae,
1694 5490 1728 5551 et
1741 5488 1831 5552 solae.
1849 5487 1947 5550 Unde

294 5600 369 5662 ¹⁰⁰³
390 5613 398 5658 ²
421 5591 595 5671 ΜΡΝ
623 5588 801 5661 defflsiumv
823 5579 925 5651 im
945 5583 1092 5664 Pmmss·
1183 5606 1222 5682 (l)
1245 5593 1310 5690 Alia
1323 5622 1377 5666 vox
1398 5606 1540 5670 invenitur
1555 5606 1584 5664 in
1599 5603 1667 5666 cod.
1681 5605 1750 5664 bins.
1766 5617 1829 5678 quse
1847 5607 1946 5660 utnon

295 5693 411 5760 sionis.
434 5695 471 5756 ln
494 5687 637 5769 egypto
661 5701 775 5750 sumus
796 5685 885 5748 servi
908 5685 940 5747 et
965 5681 1092 5746 miseri.
1147 5694 1204 5739 non
1220 5680 1332 5754 legitur.
