4004 6302
255 392 314 452 811
721 395 898 458 HONORII
918 396 964 465 111
986 396 1134 458 OPERA.
1152 422 1190 440 ··-
1207 395 1440 460 SERMONES.
1844 397 1909 459 812

297 551 452 627 Legimus
477 553 564 630 quod
590 554 732 632 quatuor
751 557 828 619 sunt
844 556 989 635 judicia:
1005 556 1069 618 se·'
1147 556 1335 618 Notandum
1359 558 1411 619 est
1432 552 1518 634 quod
1537 551 1637 616 vidua
1652 553 1725 616 erat
1738 550 1904 630 Ecclesia,

257 647 400 713 eundum
417 651 672 727 prescientiam,
688 654 867 716 secundum
887 655 1054 717 conscien·
1107 654 1203 728 idest,
1224 655 1377 733 separata
1391 669 1411 715 a
1424 653 1509 725 uiro,
1525 651 1657 730 qiiando
1677 651 1828 713 Christus
1842 669 1906 730 pro

256 745 355 818 tiam,
385 748 565 810 secundum
597 751 841 827 operationem,
873 752 1053 814 seeundum
1107 753 1179 830 ipsa
1192 753 1341 814 mortuus
1355 751 1417 813 fuit
1431 750 1466 812 in
1485 765 1593 812 cruce.
1611 749 1651 810 Et
1663 748 1741 810 licet
1754 749 1907 811 Ecclesia

255 843 518 906 retributionem.
558 849 752 909 Secundum
783 851 1050 924 praesentiam,
1108 865 1174 911 non
1198 849 1350 911 videatur
1375 848 1472 912 modo
1496 847 1606 909 virum
1631 845 1755 908 habere
1779 846 1815 906 in
1840 845 1906 908 hoc

252 938 393 1016 judicati
413 958 526 1003 sumus
544 945 722 1021 antequam
745 961 904 1007 essemus.
920 950 1052 1009 Secun-
1107 946 1241 1019 mundo,
1256 947 1369 1009 tamen
1391 945 1602 1007 habetillum
1628 943 1664 1004 in
1687 943 1781 1006 ooelo.
1809 943 1905 1005 Unde

256 1039 339 1098 dum
351 1041 608 1113 commenticia,
619 1042 811 1118 judicamur
831 1059 874 1103 ex
894 1058 958 1121 quo
979 1059 1052 1105 esse
1106 1044 1159 1106 vir
1169 1045 1326 1106 Ecclesiae
1341 1043 1464 1106 dicitur
1475 1041 1636 1114 Christus,
1650 1042 1683 1102 et
1696 1040 1769 1117 ipsa
1783 1039 1907 1102 dicitur

255 1131 444 1210 incipimus
470 1137 600 1214 quando
629 1138 708 1200 boni
735 1140 788 1201 vel
816 1141 895 1201 mali
926 1157 1049 1202 sumus.
1107 1137 1906 1220 0101010110.1111011110110110111000000

254 1231 449 1295 senioratum
462 1237 708 1309 operationem,
720 1235 909 1314 judicamur
922 1237 1052 1315 quando
1108 1243 1278 1302 0001000ηο
1296 1255 1375 1301 seem
1393 1253 1501 1312 00000
1516 1239 1561 1298 cd
1574 1234 1906 1298 consummationes

177 1391 180 1396 ,
255 1325 338 1388 ioris
365 1330 570 1392 ostendimus
591 1333 706 1410 quales
726 1335 816 1396 intus
838 1349 963 1395 sumus.
986 1337 1051 1396 Se·
1106 1333 1362 1415 000011(Μο111.
1377 1350 1497 1407 xxviii,
1510 1329 1907 1414 autettcroaciceatts

254 1429 405 1486 cundum
424 1429 698 1504 retributionem,
712 1431 902 1509 judicamur
922 1429 1052 1508 quando
1105 1434 1214 1495 00010
1227 1437 1380 1506 eamme,
1395 1432 1492 1505 idest,
1508 1430 1667 1502 Ecclesia,
1683 1428 1716 1490 01
1729 1426 1907 1488 multitudo

254 1520 291 1582 in
301 1521 491 1598 recipienda
504 1528 654 1589 mercede
664 1543 810 1604 operum,
823 1528 1052 1604 cognoscimus
1107 1531 1310 1593 credentium
1322 1529 1460 1607 rogabat
1470 1545 1529 1606 pro
1540 1524 1750 1590 adolescente
1759 1525 1903 1586 mortuo.

256 1619 371 1694 quales
382 1619 424 1680 ab
436 1622 657 1701 aeterno'apud
666 1627 769 1686 Deum
780 1624 912 1702 praevisi
926 1639 1049 1686 sumus.
1107 1629 1201 1690 Unde
1212 1628 1388 1706 Apostolus
1402 1649 1410 1688 s
1426 1642 1445 1687 0
1460 1629 1571 1703 Lugeo
1586 1623 1707 1686 multos
1721 1637 1765 1684 ex
1778 1622 1832 1683 his
1845 1621 1905 1698 qui

255 1717 305 1776 Ex
326 1715 368 1777 iis
391 1719 533 1794 quatuor
553 1720 691 1798 judiciis
715 1722 780 1783 duo
807 1721 884 1783 sunt
904 1722 1049 1793 occulta,
1106 1728 1183 1789 ante
1197 1725 1428 1805 peccaverunt.
1444 1740 1463 1785 r
1477 1727 1586 1791 Quem
1597 1737 1677 1784 cum
1687 1720 1828 1783 vidisset
1839 1723 1905 1780 Do·

251 1811 414 1890 judicium
440 1817 621 1878 seeundum
646 1818 890 1894 praescientiam
912 1820 945 1878 et
960 1817 1053 1896 judi·
1105 1829 1222 1888 minus
1236 1825 1477 1886 meserecordia
1489 1823 1603 1884 motus
1623 1820 1676 1883 est
1695 1833 1802 1892 super
1813 1832 1903 1888 cem,

255 1908 343 1970 cium
372 1911 560 1974 secundum·
580 1915 837 1990 conscientiam
860 1916 894 1977 et
920 1915 995 1977 ideo
1016 1915 1052 1976 in
1106 1925 1139 1984 et
1153 1925 1245 1985 dicit
1258 1939 1271 1983 .·
1283 1925 1362 1984 Noti
1380 1922 1475 1994 itere.
1491 1918 1649 1982 Dominus
1672 1914 1821 1992 respexit
1840 1916 1906 1974 110-

255 2005 304 2066 010
326 2007 508 2069 humanum
522 2010 684 2086 judicium
707 2027 774 2073 non
795 2012 966 2088 recipitur.
980 2014 1050 2074 Duo
1106 2020 1242 2082 clesiam
1257 2033 1362 2090 suam,
1382 2018 1478 2088 idest,
1499 2012 1743 2076 multitudinem
1765 2011 1906 2072 creden-

255 2103 333 2164 sunt
369 2117 449 2165 vero
488 2105 681 2180 manifesta,
711 2109 892 2169 secundum
927 2123 1050 2186 opera·
1105 2118 1205 2190 tium,
1233 2133 1307 2195 quae
1331 2114 1471 2192 rogabat
1498 2112 1643 2191 quotidie
1664 2109 1851 2179 Dominum,
1868 2106 1905 2168 ut

256 2197 379 2260 fi⁰¹¹⁰m
413 2201 446 2262 θῑ
482 2203 663 2264 secundum
704 2204 977 2279 retributionem
1015 2206 1051 2266 in
1105 2215 1320 2276 resuscitaret
1337 2209 1679 2290 peccatoremavitiis
1695 2207 1729 2269 et
1745 2205 1902 2284 peccatis.

256 2311 395 2372 quorum
416 2298 533 2370 altero,
557 2299 657 2372 idest,
681 2302 860 2362 secundum
886 2304 1053 2378 operatio·
1105 2313 1151 2374 Et
1159 2313 1401 2374 meserecordia
1413 2309 1526 2370 motus
1541 2308 1592 2369 est
1602 2320 1710 2380 super
1720 2319 1810 2374 eam,
1823 2305 1904 2376 liuta

255 2409 346 2468 nem,
374 2395 564 2458 hominibus
588 2413 608 2459 a
632 2397 699 2460 Deo
720 2398 756 2460 in
780 2400 936 2477 presenti
960 2401 1053 2478 jndi-
1105 2409 1285 2473 emanasset
1304 2408 1479 2470 orationes
1503 2408 1589 2478 ejus,
1613 2401 1712 2474 idest,
1734 2398 1903 2462 Ecclesiae.

255 2492 355 2554 candi
373 2494 517 2571 potestas
543 2494 660 2570 datum
687 2495 843 2566 alterum.
873 2497 1052 2570 1000100-
1105 2500 1906 2580 011101111100010000000010

256 2588 401 2650 cundum
429 2591 697 2664 retributionem,
730 2609 750 2654 a
780 2596 846 2657 Deo
877 2594 912 2656 in
940 2595 1051 2658 tuturo
1097 2604 1486 2678 10110101001000100
1500 2603 1546 2661 ad
1555 2611 1677 2673 preces
1692 2609 1824 2657 eomm-
1841 2593 1903 2654 Et:

250 2685 467 2762 judicabitur.
488 2690 655 2752 iudicium
674 2692 855 2753 secundum
871 2694 1052 2770 praescien-
1106 2693 1729 2773 cmmaverontjusttadDmntnumet
1738 2694 1903 2754 Dominus

253 2782 335 2844 tiam
358 2785 524 2848 occultum
547 2789 599 2849 est
623 2788 655 2850 et
677 2788 906 2865 immutabile3
931 2805 1052 2852 secun·
1104 2799 1363 2862 amantissimos
1384 2795 1454 2875 (ps.
1477 2797 1528 2866 33,
1552 2788 1688 2870 16,18).
1712 2789 1795 2862 Qiuia
1815 2787 1903 2848 sicut

254 2879 332 2941 dum
345 2883 597 2946 retributionem
612 2886 822 2947 manifestum
836 2887 1048 2950 etmutabile.
1104 2896 1186 2958 dicit
1211 2894 1386 2974 Apostolus
1410 2914 1417 2953 ι
1442 2893 1521 2954 Non
1548 2889 1600 2951 est
1624 2886 1769 2948 volemis
1793 2898 1902 2957 neque

252 2978 421 3042 iudicium
457 2981 638 3044 secundum
675 2984 901 3058 operationem
939 2985 1048 3060 imago
1103 2994 1288 3065 currentis,
1299 2995 1359 3054 sed
1368 2991 1432 3052 Dei
1441 2985 1640 3050 miserentis
1652 2982 1760 3062 (Rom
1773 2997 1822 3053 11,
1836 2976 1900 3058 16).

252 3076 494 3153 quodammodo
512 3080 575 3152 est
600 3080 633 3141 et
653 3080 895 3143 sacramentum
912 3081 1047 3158 judicic
1143 3091 1183 3152 nt
1201 3087 1513 3159 1111100000.
1535 3081 1682 3144 ecclesia
1696 3079 1805 3156 plorat
1818 3091 1903 3154 quo-

252 3175 434 3238 secundum
459 3175 725 3250 retribulifflfflm,
753 3177 831 3255 (luia
867 3177 950 3239 illud
977 3194 1050 3240 ma·
1101 3188 1183 3250 tidie
1198 3187 1304 3247 lilium
1318 3201 1415 3246 suum
1427 3183 1604 3252 mortuum,
1618 3177 1902 3255 quandomcrrtur

253 3275 389 3338 niiestat
416 3274 654 3336 conscientiam
677 3276 712 3338 et
735 3273 845 3338 innuit
869 3276 1049 3354 praescien-
1103 3285 1137 3346 in
1158 3285 1249 3346 vitiis
1279 3283 1313 3344 et
1337 3281 1492 3359 peccatis.
1514 3278 1561 3340 Et
1580 3275 1725 3338 accessit
1742 3276 1847 3334 Jeme
1866 3270 1901 3332 et

251 3371 344 3435 fiam·
1103 3383 1215 3459 tettpit
1229 3385 1374 3445 locellum
1387 3376 1481 3457 (Luc.
1491 3391 1551 3448 vn,
1562 3372 1627 3453 14).
1638 3372 1725 3434 Nota
1737 3369 1902 3446 duplicem

291 3472 510 3543 Quaerendum
521 3473 572 3534 est
580 3470 743 3550 quomodo
755 3471 906 3536 uallatur
917 3472 1047 3536 diabolo
1102 3478 1244 3558 gratiam
1273 3493 1334 3555 per
1362 3491 1461 3554 quam
1491 3471 1709 3534 resuscitatur
1733 3467 1901 3544 peccator,

252 3569 310 3647 qui
334 3571 385 3632 est
414 3570 731 3633 excommunicatus.
753 3570 802 3633 Ad
825 3571 911 3648 quod
935 3571 1050 3634 dicen·
1101 3577 1267 3648 videlieet,
1279 3571 1534 3636 illuminationis
1560 3568 1593 3630 et
1616 3561 1901 3628 inflammationis.

252 3667 340 3740 dum,
366 3668 452 3744 quod
474 3669 626 3730 diabolus
646 3684 712 3730 non
736 3667 835 3729 hahet
853 3669 1048 3745 potestatem
1103 3676 1214 3736 Prima
1224 3670 1459 3748 designaturin
1470 3685 1509 3730 eo
1520 3664 1605 3744 quod
1616 3658 1900 3725 diciturneecsstt.

249 3766 286 3826 in
300 3763 354 3824 llis
371 3766 428 3840 qui
449 3765 526 3826 sunt
545 3765 582 3825 in
602 3764 764 3826 charitate
778 3764 935 3826 Ecclesiae
949 3781 1050 3826 cons-
1102 3773 1188 3833 Nam
1202 3771 1280 3847 quia
1291 3771 1363 3846 ipse
1377 3768 1427 3830 est
1440 3766 1500 3827 lux
1510 3778 1602 3834 vera,
1616 3759 1748 3839 quando
1760 3755 1901 3823 accedit,

248 3862 351 3934 tituti,
381 3877 420 3923 00
448 3860 533 3938 quod
566 3861 643 3922 sunt
669 3860 816 3923 membra
847 3861 986 3936 Christi,
1016 3863 1049 3924 et
1102 3867 1268 3930 illuminat
1289 3882 1347 3928 cor
1367 3864 1562 3942 peccatoris.
1587 3859 1680 3922 Unde
1700 3853 1900 3934 Apostolus:

249 3958 400 4020 diabolus
437 3974 504 4020 non
541 3957 642 4020 habet
679 3958 807 4035 partem
839 3958 875 4020 in
909 3975 1048 4037 corpore
1102 3967 1290 4043 1000,οα1
1303 3966 1446 4034 domem,
1465 3962 1500 4023 et
1520 3972 1672 4033 coesurpe
1694 3969 1717 4016 0
1739 3952 1900 4021 metuis,

249 4056 383 4119 Christi.
403 4055 539 4128 Quando
559 4057 669 4118 autem
690 4056 811 4134 aliquis
835 4055 876 4117 ab
900 4057 1048 4120 Ecclesia
1102 4063 1136 4125 et
1165 4061 1369 4125 0000100011
1398 4059 1431 4120 10
1461 4057 1618 4119 Christus
1648 4050 1744 4130 (Epir.
1770 4064 1805 4120 v,
1833 4043 1900 4124 14)·

248 4154 420 4231 repellitur
430 4169 489 4230 per
498 4154 883 4226 excommunicationem,
894 4155 1048 4231 potestati
1103 4159 1205 4232 Quasi
1217 4157 1342 4220 diceret
1352 4178 1359 4216 ε
1370 4157 1475 4216 Homo
1487 4153 1544 4231 qui
1559 4151 1682 4213 dormis
1692 4149 1727 4208 in
1742 4143 1900 4222 peccatis,

247 4252 370 4314 diaboli
391 4252 609 4329 mancipatur.
632 4252 716 4324 Quia
734 4252 823 4313 enim
844 4251 1010 4315 deseritur
1028 4269 1047 4315 a
1103 4272 1246 4333 exsurge
1265 4271 1326 4332 per
1338 4251 1606 4331 poenitentiam
1625 4245 1775 4308 mortuis.
1783 4241 1823 4304 Et
1836 4239 1903 4300 hoc

247 4353 326 4423 Deo,
348 4350 427 4411 licet
445 4348 576 4412 diabolo
598 4351 758 4425 suumjus
773 4365 930 4411 exercere
945 4350 980 4411 in
995 4365 1045 4412 00.
1103 4356 1154 4416 001
1182 4352 1267 4432 quod
1296 4350 1417 4412 dicitur
1443 4370 1451 4408 ε
1478 4351 1689 4416 Adolescens,
1720 4343 1780 4404 tint
1811 4339 1900 4410 dioc,

247 4449 341 4510 Unde
366 4446 474 4525 potest
498 4461 573 4506 eum
599 4446 635 4506 in
663 4461 763 4506 carne
777 4446 944 4522 affligere,
969 4447 1048 4508 dum
1101 4467 1206 4529 serpe
1226 4449 1318 4530 (Luc.
1340 4463 1401 4519 vu,
1418 4444 1481 4525 it).
1504 4447 1544 4505 Et
1560 4441 1758 4520 Apostolus:
1776 4437 1820 4498 Et
1838 4449 1902 4496 000

245 4546 339 4617 vivit,
367 4546 400 4606 et
429 4543 464 4604 in
494 4543 606 4604 anima
633 4544 708 4618 post
737 4543 887 4615 mortam,
920 4543 949 4604 si
980 4559 1047 4606 non
1101 4565 1180 4612 oum
1197 4563 1264 4610 mor
1276 4547 1327 4608 101
1347 4545 1469 4608 essere
1488 4547 1527 4604 in
1546 4540 1677 4602 00110110
1697 4538 1731 4598 01
1748 4533 1904 4610 peccatis

245 4642 435 4720 corrigitur.
452 4641 492 4702 Et
512 4640 587 4702 idco
606 4639 691 4702 dixit
705 4641 880 4718 Apostolus
896 4663 903 4702 ε
918 4642 1046 4703 101001·
1101 4647 1239 4716 vestris,
1255 4659 1346 4705 0000
1359 4647 1451 4704 Deus
1471 4636 1724 4709 convivificavit
1741 4647 1803 4694 cos
1819 4645 1903 4692 cum

245 4742 474 4810 inmodestis,
499 4739 578 4815 quia
606 4738 754 4800 Ecclesia
788 4754 855 4800 non
888 4723 1048 4816 permittit
1101 4741 1367 4821 itto(Gol0ss.u,
1390 4739 1453 4818 13).
1480 4735 1633 4798 Secunda
1656 4727 1901 4807 designaturin

246 4837 414 4899 diabolum
428 4840 464 4897 ut
475 4837 585 4913 rapiat
598 4835 728 4897 animas
743 4837 1048 4898 excommunicato-
1101 4857 1151 4912 e0,
1175 4838 1261 4916 quod
1283 4838 1404 4899 dieitur
1421 4859 1428 4897 :
1446 4835 1557 4912 1011011
1577 4837 1732 4896 torcium.
1756 4825 1901 4889 Loculus

246 4950 331 5005 rum,
341 4934 418 4995 dum
428 4934 555 5005 vivunt,
564 4932 621 4993 sed
636 4935 672 4995 ut
684 4935 812 5010 affligat
824 4949 973 5011 corpora.
983 4933 1046 4995 Sed
1101 4936 1268 5014 significat
1281 4934 1532 4996 delectationem
1547 4929 1685 5010 peccati,
1702 4928 1737 4988 in
1752 4939 1817 5004 quo
1830 4923 1904 4986 ler-

246 5031 387 5094 oallidus
409 5031 514 5092 hostis
535 5030 898 5106 negligitvexationem
923 5047 1045 5107 corpo·
1099 5037 1154 5098 tur
1177 5033 1337 5103 mortuuS,
1353 5031 1432 5109 quia
1447 5047 1543 5108 quem
1558 5026 1701 5092 delectat
1714 5022 1901 5103 peccatum,

246 5131 376 5199 rum,ut
388 5128 611 5207 postmortem
626 5128 776 5189 transeat
788 5128 1045 5190 adnotationem
1099 5131 1231 5194 videtur
1256 5129 1405 5190 mortuus
1431 5143 1515 5189 esse.
1544 5127 1608 5188 Sed
1632 5124 1711 5202 quia
1739 5120 1903 5184 Dominus

245 5229 445 5292 animarum.
466 5229 536 5288 Hac
562 5225 672 5287 autem
698 5225 882 5287 intentione
906 5239 1044 5286 excom·
1098 5233 1195 5293 iesus
1210 5228 1260 5290 est
1271 5227 1359 5303 ignis
1376 5239 1584 5296 consumens,
1599 5223 1686 5284 sicut
1698 5219 1905 5295 010111000-

198 5332 202 5340 “
245 5325 394 5390 munient
417 5324 566 5386 Ecclesia
593 5323 631 5386 11
654 5323 752 5385 homo
787 5321 984 5398 corrigatur,
1012 5323 1046 5384 et
1098 5327 1197 5398 tolus,
1211 5327 1290 5387 1110
1308 5324 1415 5400 tangit
1427 5323 1595 5390 lectulum,
1613 5313 1904 5397 quandodestruit

245 5426 382 5504 spiritus
395 5423 507 5484 salvus
525 5422 568 5483 sit
584 5422 618 5482 in
631 5421 685 5482 die
700 5419 830 5483 Domini
845 5419 950 5480 nostri
964 5421 1045 5481 iesu
1099 5424 1350 5485 delectationem
1370 5421 1507 5498 peccati,
1529 5420 1562 5482 01
1581 5416 1732 5480 accendit
1748 5413 1789 5476 ad
1804 5427 1905 5474 amo-

245 5523 378 5587 Christi·
397 5519 531 5594 Quodsi
549 5535 608 5596 PPO
626 5522 761 5596 P000³t0
776 5517 907 5580 mortali
923 5517 1045 5595 aliquis
1098 5537 1168 5583 rem
1177 5535 1234 5582 cor
1243 5513 1902 5596 0000110110.υ11010111ε10010010010

245 5619 562 5690 excommunicatur,
574 5617 607 5677 et
620 5633 684 5678 non
700 5617 904 5688 emendatur,
917 5617 1043 5678 eertum
1097 5623 1173 5692 0100
1186 5617 1402 5688 0000000011,
1417 5619 1581 5678 carbones
1594 5615 1750 5676 succensi
1763 5610 1903 5672 000100

245 5725 295 5784 001
309 5721 394 5799 quod
410 5735 476 5780 101
489 5718 552 5780 erit
567 5715 689 5776 salvus.
910 5709 921 5726 ⁸
1098 5729 1137 5776 eo
1161 5713 1230 5794 (Ps.
1258 5715 1305 5785 11,
1330 5711 1375 5792 9).
1400 5711 1489 5788 ignis
1513 5710 1637 5772 amoris
1662 5705 1851 5772 exardescit
1876 5719 1902 5768 a
