<?xml version="1.0" encoding="UTF-8"?>
<!DOCTYPE html PUBLIC "-//W3C//DTD XHTML 1.0 Transitional//EN"
    "http://www.w3.org/TR/xhtml1/DTD/xhtml1-transitional.dtd">
<html xmlns="http://www.w3.org/1999/xhtml" xml:lang="en" lang="en">
 <head>
  <title>
</title>
<meta http-equiv="Content-Type" content="text/html;charset=utf-8" />
  <meta name='ocr-system' content='tesseract 3.04.00' />
  <meta name='ocr-capabilities' content='ocr_page ocr_carea ocr_par ocr_line ocrx_word'/>
</head>
<body>
  <div class='ocr_page' id='page_1' title='image "./mediiaevibiblio03unkngoog_0274.png"; bbox 0 0 3984 6292; ppageno 0'>
   <div class='ocr_carea' id='block_1_1' title="bbox 85 347 1734 414">
    <p class='ocr_par' dir='ltr' id='par_1_1' title="bbox 85 347 1734 414">
     <span class='ocr_line' id='line_1_1' title="bbox 85 347 1734 414; baseline -0.002 0"><span class='ocrx_word' id='word_1_1' title='bbox 85 353 152 414; x_wconf 71' lang='lat'>⁴65</span> <span class='ocrx_word' id='word_1_2' title='bbox 733 347 859 408; x_wconf 84' lang='lat' dir='ltr'>LIBER</span> <span class='ocrx_word' id='word_1_3' title='bbox 880 347 1093 410; x_wconf 87' lang='lat' dir='ltr'><strong>CENSUUM.</strong></span> <span class='ocrx_word' id='word_1_4' title='bbox 1675 349 1734 411; x_wconf 80' lang='lat' dir='ltr'>too</span> 
     </span>
    </p>
   </div>
   <div class='ocr_carea' id='block_1_2' title="bbox 80 504 1734 1370">
    <p class='ocr_par' dir='ltr' id='par_1_2' title="bbox 80 504 1734 1370">
     <span class='ocr_line' id='line_1_2' title="bbox 124 504 1731 588; baseline -0.004 -15"><span class='ocrx_word' id='word_1_5' title='bbox 124 513 268 588; x_wconf 85' lang='lat' dir='ltr'>Dignum</span> <span class='ocrx_word' id='word_1_6' title='bbox 281 512 342 584; x_wconf 89' lang='lat' dir='ltr'>est,</span> <span class='ocrx_word' id='word_1_7' title='bbox 359 509 396 570; x_wconf 90' lang='lat' dir='ltr'>ut</span> <span class='ocrx_word' id='word_1_8' title='bbox 409 507 464 586; x_wconf 84' lang='lat' dir='ltr'>qni</span> <span class='ocrx_word' id='word_1_9' title='bbox 479 505 676 586; x_wconf 81' lang='lat' dir='ltr'>Apostolicae</span> <span class='ocrx_word' id='word_1_10' title='bbox 693 504 788 570; x_wconf 87' lang='lat' dir='ltr'>Sedis</span> <span class='ocrx_word' id='word_1_11' title='bbox 802 521 883 582; x_wconf 90' lang='lat' dir='ltr'>gra-</span> <span class='ocrx_word' id='word_1_12' title='bbox 936 506 1026 572; x_wconf 89' lang='lat' dir='ltr'>tuam</span> <span class='ocrx_word' id='word_1_13' title='bbox 1041 504 1165 588; x_wconf 85' lang='lat' dir='ltr'>absque</span> <span class='ocrx_word' id='word_1_14' title='bbox 1180 508 1355 572; x_wconf 79' lang='lat' dir='ltr'>manifesta</span> <span class='ocrx_word' id='word_1_15' title='bbox 1369 509 1402 570; x_wconf 89' lang='lat' dir='ltr'>et</span> <span class='ocrx_word' id='word_1_16' title='bbox 1415 505 1606 570; x_wconf 75' lang='lat' dir='ltr'>rationabili</span> <span class='ocrx_word' id='word_1_17' title='bbox 1617 520 1731 577; x_wconf 88' lang='lat' dir='ltr'>causa,</span> 
     </span>
     <span class='ocr_line' id='line_1_3' title="bbox 80 590 1734 686; baseline -0.004 -16"><span class='ocrx_word' id='word_1_18' title='bbox 80 609 142 670; x_wconf 87' lang='lat' dir='ltr'>tiae</span> <span class='ocrx_word' id='word_1_19' title='bbox 162 607 346 670; x_wconf 91' lang='lat' dir='ltr'>devotionis</span> <span class='ocrx_word' id='word_1_20' title='bbox 370 605 498 667; x_wconf 90' lang='lat' dir='ltr'>meritis</span> <span class='ocrx_word' id='word_1_21' title='bbox 519 620 555 666; x_wconf 90' lang='lat' dir='ltr'>se</span> <span class='ocrx_word' id='word_1_22' title='bbox 579 605 743 682; x_wconf 84' lang='lat' dir='ltr'>coaptant,</span> <span class='ocrx_word' id='word_1_23' title='bbox 764 620 824 666; x_wconf 90' lang='lat' dir='ltr'>nos</span> <span class='ocrx_word' id='word_1_24' title='bbox 846 604 881 665; x_wconf 90' lang='lat' dir='ltr'>in</span> <span class='ocrx_word' id='word_1_25' title='bbox 936 606 970 667; x_wconf 89' lang='lat' dir='ltr'>et</span> <span class='ocrx_word' id='word_1_26' title='bbox 992 607 1172 670; x_wconf 91' lang='lat' dir='ltr'>monitione</span> <span class='ocrx_word' id='word_1_27' title='bbox 1187 609 1371 686; x_wconf 84' lang='lat' dir='ltr'>praemissa,</span> <span class='ocrx_word' id='word_1_28' title='bbox 1388 590 1585 668; x_wconf 90' lang='lat' dir='ltr'>sententiam</span> <span class='ocrx_word' id='word_1_29' title='bbox 1598 618 1734 666; x_wconf 86' lang='lat' dir='ltr'>excom-</span> 
     </span>
     <span class='ocr_line' id='line_1_4' title="bbox 82 701 1733 784; baseline -0.003 -17"><span class='ocrx_word' id='word_1_30' title='bbox 82 707 157 768; x_wconf 91' lang='lat' dir='ltr'>suis</span> <span class='ocrx_word' id='word_1_31' title='bbox 171 704 325 784; x_wconf 90' lang='lat' dir='ltr'>precibus</span> <span class='ocrx_word' id='word_1_32' title='bbox 337 702 537 766; x_wconf 80' lang='lat' dir='ltr'>favorabiles</span> <span class='ocrx_word' id='word_1_33' title='bbox 552 702 724 765; x_wconf 88' lang='lat' dir='ltr'>inveniant</span> <span class='ocrx_word' id='word_1_34' title='bbox 738 701 880 765; x_wconf 80' lang='grc'>1111111-</span> <span class='ocrx_word' id='word_1_35' title='bbox 936 703 1174 766; x_wconf 90' lang='lat' dir='ltr'>municationis</span> <span class='ocrx_word' id='word_1_36' title='bbox 1184 705 1380 782; x_wconf 89' lang='lat' dir='ltr'>promulget.</span> <span class='ocrx_word' id='word_1_37' title='bbox 1391 703 1440 766; x_wconf 75' lang='lat' dir='ltr'>nd</span> <span class='ocrx_word' id='word_1_38' title='bbox 1448 702 1608 764; x_wconf 90' lang='lat' dir='ltr'>indicium</span> <span class='ocrx_word' id='word_1_39' title='bbox 1621 701 1733 763; x_wconf 86' lang='lat' dir='ltr'>autem</span> 
     </span>
     <span class='ocr_line' id='line_1_5' title="bbox 81 799 1733 880; baseline -0.002 -16"><span class='ocrx_word' id='word_1_40' title='bbox 81 819 181 880; x_wconf 84' lang='lat' dir='ltr'>gnos,</span> <span class='ocrx_word' id='word_1_41' title='bbox 209 801 266 880; x_wconf 87' lang='lat' dir='ltr'>qui</span> <span class='ocrx_word' id='word_1_42' title='bbox 293 800 537 873; x_wconf 83' lang='lat' dir='ltr'>consuevimus,</span> <span class='ocrx_word' id='word_1_43' title='bbox 569 800 754 862; x_wconf 88' lang='lat' dir='ltr'>immeritos</span> <span class='ocrx_word' id='word_1_44' title='bbox 782 799 881 861; x_wconf 90' lang='lat' dir='ltr'>etiam</span> <span class='ocrx_word' id='word_1_45' title='bbox 936 801 1170 879; x_wconf 84' lang='lat' dir='ltr'>bajusanobis</span> <span class='ocrx_word' id='word_1_46' title='bbox 1180 805 1353 880; x_wconf 76' lang='lat' dir='ltr'>praecepte</span> <span class='ocrx_word' id='word_1_47' title='bbox 1364 800 1588 880; x_wconf 88' lang='lat' dir='ltr'>protectionis,</span> <span class='ocrx_word' id='word_1_48' title='bbox 1597 815 1733 860; x_wconf 88' lang='lat' dir='ltr'>censum</span> 
     </span>
     <span class='ocr_line' id='line_1_6' title="bbox 81 896 1733 978; baseline -0.002 -16"><span class='ocrx_word' id='word_1_49' title='bbox 81 903 200 962; x_wconf 87' lang='lat' dir='ltr'>nostra</span> <span class='ocrx_word' id='word_1_50' title='bbox 214 899 322 976; x_wconf 89' lang='lat' dir='ltr'>gratia</span> <span class='ocrx_word' id='word_1_51' title='bbox 337 899 533 977; x_wconf 87' lang='lat' dir='ltr'>praevenire.</span> <span class='ocrx_word' id='word_1_52' title='bbox 552 899 745 976; x_wconf 85' lang='lat' dir='ltr'>Fapropter,</span> <span class='ocrx_word' id='word_1_53' title='bbox 763 897 882 960; x_wconf 89' lang='lat' dir='ltr'>dilecte</span> <span class='ocrx_word' id='word_1_54' title='bbox 936 899 1050 962; x_wconf 90' lang='lat' dir='ltr'>decem</span> <span class='ocrx_word' id='word_1_55' title='bbox 1073 917 1260 963; x_wconf 88' lang='lat' dir='ltr'>marcarum</span> <span class='ocrx_word' id='word_1_56' title='bbox 1284 901 1376 974; x_wconf 92' lang='lat' dir='ltr'>auri,</span> <span class='ocrx_word' id='word_1_57' title='bbox 1405 917 1488 978; x_wconf 86' lang='lat' dir='ltr'>quas</span> <span class='ocrx_word' id='word_1_58' title='bbox 1512 899 1552 961; x_wconf 91' lang='lat' dir='ltr'>de</span> <span class='ocrx_word' id='word_1_59' title='bbox 1574 898 1673 960; x_wconf 87' lang='lat' dir='ltr'>tertio</span> <span class='ocrx_word' id='word_1_60' title='bbox 1695 896 1733 958; x_wconf 93' lang='lat' dir='ltr'>in</span> 
     </span>
     <span class='ocr_line' id='line_1_7' title="bbox 81 994 1733 1076; baseline -0.002 -16"><span class='ocrx_word' id='word_1_61' title='bbox 81 999 119 1060; x_wconf 89' lang='lat' dir='ltr'>in</span> <span class='ocrx_word' id='word_1_62' title='bbox 135 999 275 1060; x_wconf 90' lang='lat' dir='ltr'>Domino</span> <span class='ocrx_word' id='word_1_63' title='bbox 290 997 350 1071; x_wconf 89' lang='lat' dir='ltr'>iili,</span> <span class='ocrx_word' id='word_1_64' title='bbox 361 997 426 1059; x_wconf 90' lang='lat' dir='ltr'>tuis</span> <span class='ocrx_word' id='word_1_65' title='bbox 437 997 537 1074; x_wconf 88' lang='lat' dir='ltr'>justis</span> <span class='ocrx_word' id='word_1_66' title='bbox 548 996 701 1073; x_wconf 89' lang='lat' dir='ltr'>precibus</span> <span class='ocrx_word' id='word_1_67' title='bbox 716 996 880 1068; x_wconf 88' lang='lat' dir='ltr'>inclinati,</span> <span class='ocrx_word' id='word_1_68' title='bbox 936 998 1070 1060; x_wconf 88' lang='lat' dir='ltr'>tertium</span> <span class='ocrx_word' id='word_1_69' title='bbox 1080 1015 1204 1060; x_wconf 91' lang='lat' dir='ltr'>annum</span> <span class='ocrx_word' id='word_1_70' title='bbox 1215 999 1248 1062; x_wconf 91' lang='lat' dir='ltr'>te</span> <span class='ocrx_word' id='word_1_71' title='bbox 1258 999 1439 1076; x_wconf 78' lang='lat' dir='ltr'>promisisti</span> <span class='ocrx_word' id='word_1_72' title='bbox 1452 997 1636 1059; x_wconf 81' lang='lat' dir='ltr'>liberaliter</span> <span class='ocrx_word' id='word_1_73' title='bbox 1646 994 1733 1056; x_wconf 89' lang='lat' dir='ltr'>solu·</span> 
     </span>
     <span class='ocr_line' id='line_1_8' title="bbox 82 1092 1734 1174; baseline -0.003 -16"><span class='ocrx_word' id='word_1_74' title='bbox 82 1096 243 1168; x_wconf 87' lang='lat' dir='ltr'>castrum,</span> <span class='ocrx_word' id='word_1_75' title='bbox 270 1095 356 1174; x_wconf 84' lang='lat' dir='ltr'>quod</span> <span class='ocrx_word' id='word_1_76' title='bbox 384 1095 531 1158; x_wconf 85' lang='lat' dir='ltr'>Lavadia</span> <span class='ocrx_word' id='word_1_77' title='bbox 559 1095 779 1171; x_wconf 89' lang='lat' dir='ltr'>nuncupatur,</span> <span class='ocrx_word' id='word_1_78' title='bbox 808 1110 882 1156; x_wconf 88' lang='lat' dir='ltr'>cum</span> <span class='ocrx_word' id='word_1_79' title='bbox 936 1092 1734 1171; x_wconf 85' lang='lat' dir='ltr'>turum,nobisctsuccessoribusnostrispersol-</span> 
     </span>
     <span class='ocr_line' id='line_1_9' title="bbox 81 1191 1733 1272; baseline -0.002 -17"><span class='ocrx_word' id='word_1_80' title='bbox 81 1194 295 1272; x_wconf 69' lang='lat' dir='ltr'>pertinentiis</span> <span class='ocrx_word' id='word_1_81' title='bbox 319 1193 400 1266; x_wconf 90' lang='lat' dir='ltr'>suis,</span> <span class='ocrx_word' id='word_1_82' title='bbox 426 1191 512 1270; x_wconf 90' lang='lat' dir='ltr'>quod</span> <span class='ocrx_word' id='word_1_83' title='bbox 537 1192 695 1254; x_wconf 81' lang='lat' dir='ltr'>Ecclesiae</span> <span class='ocrx_word' id='word_1_84' title='bbox 724 1195 882 1254; x_wconf 83' lang='lat' dir='ltr'>Romanae</span> <span class='ocrx_word' id='word_1_85' title='bbox 936 1211 1028 1256; x_wconf 89' lang='lat' dir='ltr'>vens.</span> <span class='ocrx_word' id='word_1_86' title='bbox 1053 1194 1146 1258; x_wconf 87' lang='lat' dir='ltr'>Nulli</span> <span class='ocrx_word' id='word_1_87' title='bbox 1171 1193 1411 1270; x_wconf 87' lang='lat' dir='ltr'>ergoomnino</span> <span class='ocrx_word' id='word_1_88' title='bbox 1436 1193 1607 1254; x_wconf 89' lang='lat' dir='ltr'>bominum</span> <span class='ocrx_word' id='word_1_89' title='bbox 1633 1191 1733 1252; x_wconf 89' lang='lat' dir='ltr'>liceat</span> 
     </span>
     <span class='ocr_line' id='line_1_10' title="bbox 81 1289 1734 1370; baseline -0.001 -18"><span class='ocrx_word' id='word_1_90' title='bbox 81 1293 191 1354; x_wconf 90' lang='lat' dir='ltr'>libere</span> <span class='ocrx_word' id='word_1_91' title='bbox 209 1308 249 1354; x_wconf 88' lang='lat' dir='ltr'>ac</span> <span class='ocrx_word' id='word_1_92' title='bbox 263 1290 447 1354; x_wconf 87' lang='lat' dir='ltr'>liberaliter</span> <span class='ocrx_word' id='word_1_93' title='bbox 460 1291 640 1364; x_wconf 88' lang='lat' dir='ltr'>contulisti,</span> <span class='ocrx_word' id='word_1_94' title='bbox 656 1289 765 1368; x_wconf 90' lang='lat' dir='ltr'>ipsum</span> <span class='ocrx_word' id='word_1_95' title='bbox 780 1305 883 1352; x_wconf 88' lang='lat' dir='ltr'>vene-</span> <span class='ocrx_word' id='word_1_96' title='bbox 936 1293 1022 1354; x_wconf 89' lang='lat' dir='ltr'>banc</span> <span class='ocrx_word' id='word_1_97' title='bbox 1037 1293 1159 1356; x_wconf 85' lang='lat' dir='ltr'>nostrae</span> <span class='ocrx_word' id='word_1_98' title='bbox 1176 1292 1389 1370; x_wconf 89' lang='lat' dir='ltr'>protectionis</span> <span class='ocrx_word' id='word_1_99' title='bbox 1404 1292 1437 1354; x_wconf 91' lang='lat' dir='ltr'>ot</span> <span class='ocrx_word' id='word_1_100' title='bbox 1455 1289 1664 1352; x_wconf 87' lang='lat' dir='ltr'>inhibitionis</span> <span class='ocrx_word' id='word_1_101' title='bbox 1678 1303 1734 1364; x_wconf 89' lang='lat' dir='ltr'>pa·</span> 
     </span>
    </p>
   </div>
   <div class='ocr_carea' id='block_1_3' title="bbox 67 1388 883 3116">
    <p class='ocr_par' dir='ltr' id='par_1_3' title="bbox 67 1388 883 2916">
     <span class='ocr_line' id='line_1_11' title="bbox 80 1388 883 1465; baseline 0 -15"><span class='ocrx_word' id='word_1_102' title='bbox 80 1389 186 1452; x_wconf 88' lang='lat' dir='ltr'>rabili</span> <span class='ocrx_word' id='word_1_103' title='bbox 206 1389 301 1452; x_wconf 82' lang='lat' dir='ltr'>tratri</span> <span class='ocrx_word' id='word_1_104' title='bbox 322 1391 436 1452; x_wconf 87' lang='lat' dir='ltr'>nostro</span> <span class='ocrx_word' id='word_1_105' title='bbox 460 1389 596 1464; x_wconf 82' lang='lat' dir='ltr'>Pelagio</span> <span class='ocrx_word' id='word_1_106' title='bbox 615 1388 796 1450; x_wconf 72' lang='lat' dir='ltr'>libanensi</span> <span class='ocrx_word' id='word_1_107' title='bbox 810 1388 883 1465; x_wconf 90' lang='lat' dir='ltr'>epi·</span> 
     </span>
     <span class='ocr_line' id='line_1_12' title="bbox 81 1486 882 1565; baseline 0.002 -17"><span class='ocrx_word' id='word_1_108' title='bbox 81 1504 198 1565; x_wconf 87' lang='lat' dir='ltr'>scopo,</span> <span class='ocrx_word' id='word_1_109' title='bbox 214 1488 292 1549; x_wconf 90' lang='lat' dir='ltr'>tunc</span> <span class='ocrx_word' id='word_1_110' title='bbox 305 1487 504 1564; x_wconf 84' lang='lat' dir='ltr'>Apostolicae</span> <span class='ocrx_word' id='word_1_111' title='bbox 521 1486 615 1548; x_wconf 89' lang='lat' dir='ltr'>Sedis</span> <span class='ocrx_word' id='word_1_112' title='bbox 630 1486 752 1564; x_wconf 84' lang='lat' dir='ltr'>legato,</span> <span class='ocrx_word' id='word_1_113' title='bbox 768 1488 882 1550; x_wconf 89' lang='lat' dir='ltr'>nostro</span> 
     </span>
     <span class='ocr_line' id='line_1_13' title="bbox 81 1583 882 1662; baseline 0 -16"><span class='ocrx_word' id='word_1_114' title='bbox 81 1587 231 1658; x_wconf 90' lang='lat' dir='ltr'>nomine,</span> <span class='ocrx_word' id='word_1_115' title='bbox 250 1584 462 1662; x_wconf 89' lang='lat' dir='ltr'>assignando,</span> <span class='ocrx_word' id='word_1_116' title='bbox 479 1584 687 1662; x_wconf 90' lang='lat' dir='ltr'>postmodum</span> <span class='ocrx_word' id='word_1_117' title='bbox 709 1583 882 1648; x_wconf 89' lang='lat' dir='ltr'>abeodem</span> 
     </span>
     <span class='ocr_line' id='line_1_14' title="bbox 80 1681 883 1761; baseline 0 -17"><span class='ocrx_word' id='word_1_118' title='bbox 80 1683 241 1761; x_wconf 90' lang='lat' dir='ltr'>episcopo</span> <span class='ocrx_word' id='word_1_119' title='bbox 260 1682 319 1746; x_wconf 93' lang='lat' dir='ltr'>tibi</span> <span class='ocrx_word' id='word_1_120' title='bbox 340 1681 461 1745; x_wconf 83' lang='lat' dir='ltr'>exinde</span> <span class='ocrx_word' id='word_1_121' title='bbox 484 1682 564 1758; x_wconf 92' lang='lat' dir='ltr'>ligio</span> <span class='ocrx_word' id='word_1_122' title='bbox 583 1682 727 1744; x_wconf 85' lang='lat' dir='ltr'>vassallo</span> <span class='ocrx_word' id='word_1_123' title='bbox 742 1683 883 1760; x_wconf 77' lang='lat' dir='ltr'>Aposto-</span> 
     </span>
     <span class='ocr_line' id='line_1_15' title="bbox 80 1779 883 1854; baseline 0 -13"><span class='ocrx_word' id='word_1_124' title='bbox 80 1780 160 1842; x_wconf 85' lang='lat' dir='ltr'>licae</span> <span class='ocrx_word' id='word_1_125' title='bbox 173 1781 268 1842; x_wconf 87' lang='lat' dir='ltr'>Sedis</span> <span class='ocrx_word' id='word_1_126' title='bbox 277 1780 375 1854; x_wconf 85' lang='lat' dir='ltr'>tacto,</span> <span class='ocrx_word' id='word_1_127' title='bbox 391 1781 427 1842; x_wconf 94' lang='lat' dir='ltr'>in</span> <span class='ocrx_word' id='word_1_128' title='bbox 440 1779 573 1842; x_wconf 84' lang='lat' dir='ltr'>seudum</span> <span class='ocrx_word' id='word_1_129' title='bbox 586 1780 648 1842; x_wconf 90' lang='lat' dir='ltr'>sub</span> <span class='ocrx_word' id='word_1_130' title='bbox 659 1796 770 1842; x_wconf 90' lang='lat' dir='ltr'>annuo</span> <span class='ocrx_word' id='word_1_131' title='bbox 781 1797 883 1842; x_wconf 91' lang='lat' dir='ltr'>censu</span> 
     </span>
     <span class='ocr_line' id='line_1_16' title="bbox 80 1879 881 1956; baseline -0.001 -15"><span class='ocrx_word' id='word_1_132' title='bbox 80 1879 228 1942; x_wconf 88' lang='lat' dir='ltr'>duarum</span> <span class='ocrx_word' id='word_1_133' title='bbox 254 1895 442 1940; x_wconf 89' lang='lat' dir='ltr'>marcarum</span> <span class='ocrx_word' id='word_1_134' title='bbox 467 1895 684 1951; x_wconf 89' lang='lat' dir='ltr'>concessum,</span> <span class='ocrx_word' id='word_1_135' title='bbox 705 1879 792 1940; x_wconf 87' lang='lat' dir='ltr'>siout</span> <span class='ocrx_word' id='word_1_136' title='bbox 817 1895 881 1956; x_wconf 90' lang='lat' dir='ltr'>ap-</span> 
     </span>
     <span class='ocr_line' id='line_1_17' title="bbox 81 1977 881 2056; baseline 0 -18"><span class='ocrx_word' id='word_1_137' title='bbox 81 1978 238 2054; x_wconf 77' lang='lat' dir='ltr'>paretes</span> <span class='ocrx_word' id='word_1_138' title='bbox 257 1977 405 2056; x_wconf 87' lang='lat' dir='ltr'>ejusdem</span> <span class='ocrx_word' id='word_1_139' title='bbox 419 1977 541 2040; x_wconf 90' lang='lat' dir='ltr'>litteris</span> <span class='ocrx_word' id='word_1_140' title='bbox 561 1977 741 2049; x_wconf 90' lang='lat' dir='ltr'>evidenter,</span> <span class='ocrx_word' id='word_1_141' title='bbox 762 1977 881 2039; x_wconf 90' lang='lat' dir='ltr'>aucto-</span> 
     </span>
     <span class='ocr_line' id='line_1_18' title="bbox 67 2074 882 2152; baseline 0 -16"><span class='ocrx_word' id='word_1_142' title='bbox 67 2075 186 2136; x_wconf 83' lang='lat' dir='ltr'>ritate</span> <span class='ocrx_word' id='word_1_143' title='bbox 200 2074 261 2136; x_wconf 89' lang='lat' dir='ltr'>tibi</span> <span class='ocrx_word' id='word_1_144' title='bbox 275 2075 464 2152; x_wconf 85' lang='lat' dir='ltr'>Apostolica</span> <span class='ocrx_word' id='word_1_145' title='bbox 481 2074 728 2147; x_wconf 87' lang='lat' dir='ltr'>confirmamus,</span> <span class='ocrx_word' id='word_1_146' title='bbox 745 2076 778 2137; x_wconf 88' lang='lat' dir='ltr'>et</span> <span class='ocrx_word' id='word_1_147' title='bbox 791 2091 882 2152; x_wconf 85' lang='lat' dir='ltr'>prae-</span> 
     </span>
     <span class='ocr_line' id='line_1_19' title="bbox 80 2172 882 2250; baseline 0 -17"><span class='ocrx_word' id='word_1_148' title='bbox 80 2173 190 2234; x_wconf 90' lang='lat' dir='ltr'>sentis</span> <span class='ocrx_word' id='word_1_149' title='bbox 203 2172 317 2250; x_wconf 88' lang='lat' dir='ltr'>scripti</span> <span class='ocrx_word' id='word_1_150' title='bbox 327 2172 512 2250; x_wconf 89' lang='lat' dir='ltr'>patrocinio</span> <span class='ocrx_word' id='word_1_151' title='bbox 523 2173 776 2235; x_wconf 89' lang='lat' dir='ltr'>communimus.</span> <span class='ocrx_word' id='word_1_152' title='bbox 788 2173 882 2236; x_wconf 90' lang='lat' dir='ltr'>Nulli</span> 
     </span>
     <span class='ocr_line' id='line_1_20' title="bbox 80 2271 882 2348; baseline 0.001 -18"><span class='ocrx_word' id='word_1_153' title='bbox 80 2285 167 2346; x_wconf 89' lang='lat' dir='ltr'>ergo</span> <span class='ocrx_word' id='word_1_154' title='bbox 193 2271 326 2332; x_wconf 90' lang='lat' dir='ltr'>omnino</span> <span class='ocrx_word' id='word_1_155' title='bbox 352 2271 524 2332; x_wconf 91' lang='lat' dir='ltr'>hominum</span> <span class='ocrx_word' id='word_1_156' title='bbox 549 2271 649 2333; x_wconf 90' lang='lat' dir='ltr'>liceat</span> <span class='ocrx_word' id='word_1_157' title='bbox 674 2271 760 2332; x_wconf 92' lang='lat' dir='ltr'>banc</span> <span class='ocrx_word' id='word_1_158' title='bbox 786 2271 882 2348; x_wconf 91' lang='lat' dir='ltr'>pagi-</span> 
     </span>
     <span class='ocr_line' id='line_1_21' title="bbox 81 2369 880 2445; baseline 0.003 -17"><span class='ocrx_word' id='word_1_159' title='bbox 81 2384 164 2429; x_wconf 90' lang='lat' dir='ltr'>nam</span> <span class='ocrx_word' id='word_1_160' title='bbox 183 2369 304 2431; x_wconf 87' lang='lat' dir='ltr'>nostrae</span> <span class='ocrx_word' id='word_1_161' title='bbox 324 2369 586 2431; x_wconf 84' lang='lat' dir='ltr'>confirmationis</span> <span class='ocrx_word' id='word_1_162' title='bbox 610 2369 805 2445; x_wconf 88' lang='lat' dir='ltr'>intringere,</span> <span class='ocrx_word' id='word_1_163' title='bbox 827 2369 880 2432; x_wconf 88' lang='lat' dir='ltr'>vol</span> 
     </span>
     <span class='ocr_line' id='line_1_22' title="bbox 81 2466 881 2544; baseline 0.004 -19"><span class='ocrx_word' id='word_1_164' title='bbox 81 2466 117 2526; x_wconf 88' lang='lat' dir='ltr'>ei</span> <span class='ocrx_word' id='word_1_165' title='bbox 133 2482 218 2526; x_wconf 89' lang='lat' dir='ltr'>ausu</span> <span class='ocrx_word' id='word_1_166' title='bbox 229 2467 408 2530; x_wconf 87' lang='lat' dir='ltr'>temerario</span> <span class='ocrx_word' id='word_1_167' title='bbox 427 2466 606 2529; x_wconf 87' lang='lat' dir='ltr'>contraire.</span> <span class='ocrx_word' id='word_1_168' title='bbox 632 2467 756 2544; x_wconf 86' lang='lat' dir='ltr'>Siquis</span> <span class='ocrx_word' id='word_1_169' title='bbox 771 2467 881 2529; x_wconf 89' lang='lat' dir='ltr'>autem</span> 
     </span>
     <span class='ocr_line' id='line_1_23' title="bbox 84 2563 881 2641; baseline 0.005 -19"><span class='ocrx_word' id='word_1_170' title='bbox 84 2563 152 2624; x_wconf 89' lang='lat' dir='ltr'>boc</span> <span class='ocrx_word' id='word_1_171' title='bbox 170 2564 332 2626; x_wconf 85' lang='lat' dir='ltr'>attentare</span> <span class='ocrx_word' id='word_1_172' title='bbox 347 2564 606 2641; x_wconf 79' lang='lat' dir='ltr'>presumpserit,</span> <span class='ocrx_word' id='word_1_173' title='bbox 618 2563 881 2640; x_wconf 79' lang='lat' dir='ltr'>indignationem</span> 
     </span>
     <span class='ocr_line' id='line_1_24' title="bbox 84 2660 882 2738; baseline 0.006 -17"><span class='ocrx_word' id='word_1_174' title='bbox 84 2660 323 2738; x_wconf 89' lang='lat' dir='ltr'>omnipotentis</span> <span class='ocrx_word' id='word_1_175' title='bbox 354 2661 434 2736; x_wconf 89' lang='lat' dir='ltr'>Dei,</span> <span class='ocrx_word' id='word_1_176' title='bbox 466 2662 499 2724; x_wconf 90' lang='lat' dir='ltr'>et</span> <span class='ocrx_word' id='word_1_177' title='bbox 528 2661 700 2722; x_wconf 88' lang='lat' dir='ltr'>beatorum</span> <span class='ocrx_word' id='word_1_178' title='bbox 730 2662 821 2724; x_wconf 86' lang='lat' dir='ltr'>Petri</span> <span class='ocrx_word' id='word_1_179' title='bbox 849 2662 882 2726; x_wconf 89' lang='lat' dir='ltr'>et</span> 
     </span>
     <span class='ocr_line' id='line_1_25' title="bbox 83 2758 883 2838; baseline 0 -18"><span class='ocrx_word' id='word_1_180' title='bbox 83 2758 185 2820; x_wconf 90' lang='lat' dir='ltr'>Pauli</span> <span class='ocrx_word' id='word_1_181' title='bbox 208 2758 439 2836; x_wconf 81' lang='lat' dir='ltr'>Apostolorum</span> <span class='ocrx_word' id='word_1_182' title='bbox 464 2761 537 2838; x_wconf 71' lang='lat' dir='ltr'>elus</span> <span class='ocrx_word' id='word_1_183' title='bbox 555 2775 591 2820; x_wconf 92' lang='lat' dir='ltr'>se</span> <span class='ocrx_word' id='word_1_184' title='bbox 613 2759 745 2822; x_wconf 89' lang='lat' dir='ltr'>noverit</span> <span class='ocrx_word' id='word_1_185' title='bbox 767 2759 883 2820; x_wconf 89' lang='lat' dir='ltr'>incur-</span> 
     </span>
     <span class='ocr_line' id='line_1_26' title="bbox 82 2872 214 2916; baseline 0 0"><span class='ocrx_word' id='word_1_186' title='bbox 82 2872 214 2916; x_wconf 89' lang='lat' dir='ltr'>surum.</span> 
     </span>
    </p>

    <p class='ocr_par' dir='ltr' id='par_1_4' title="bbox 81 2953 883 3116">
     <span class='ocr_line' id='line_1_27' title="bbox 125 2953 883 3032; baseline 0.003 -18"><span class='ocrx_word' id='word_1_187' title='bbox 125 2956 246 3016; x_wconf 90' lang='lat' dir='ltr'>Datum</span> <span class='ocrx_word' id='word_1_188' title='bbox 268 2954 460 3016; x_wconf 81' lang='lat' dir='ltr'>Laterani2</span> <span class='ocrx_word' id='word_1_189' title='bbox 478 2953 553 3016; x_wconf 89' lang='lat' dir='ltr'>idus</span> <span class='ocrx_word' id='word_1_190' title='bbox 569 2954 733 3028; x_wconf 82' lang='lat' dir='ltr'>ianuarii,</span> <span class='ocrx_word' id='word_1_191' title='bbox 747 2954 883 3032; x_wconf 90' lang='lat' dir='ltr'>pontill-</span> 
     </span>
     <span class='ocr_line' id='line_1_28' title="bbox 81 3052 685 3116; baseline 0 -3"><span class='ocrx_word' id='word_1_192' title='bbox 81 3052 180 3114; x_wconf 85' lang='lat' dir='ltr'>oaius</span> <span class='ocrx_word' id='word_1_193' title='bbox 196 3052 300 3114; x_wconf 90' lang='lat' dir='ltr'>nostri</span> <span class='ocrx_word' id='word_1_194' title='bbox 315 3069 402 3116; x_wconf 91' lang='lat' dir='ltr'>anno</span> <span class='ocrx_word' id='word_1_195' title='bbox 416 3053 532 3116; x_wconf 89' lang='lat' dir='ltr'>octavo</span> <span class='ocrx_word' id='word_1_196' title='bbox 547 3053 685 3116; x_wconf 89' lang='lat' dir='ltr'>decimo.</span> 
     </span>
    </p>
   </div>
   <div class='ocr_carea' id='block_1_4' title="bbox 81 3222 884 3886">
    <p class='ocr_par' dir='ltr' id='par_1_5' title="bbox 81 3222 884 3886">
     <span class='ocr_line' id='line_1_29' title="bbox 124 3222 883 3301; baseline 0.001 -18"><span class='ocrx_word' id='word_1_197' title='bbox 124 3223 374 3284; x_wconf 63' lang='lat' dir='ltr'>Ansam-imo</span> <span class='ocrx_word' id='word_1_198' title='bbox 382 3222 455 3300; x_wconf 92' lang='lat' dir='ltr'>ipsa</span> <span class='ocrx_word' id='word_1_199' title='bbox 469 3239 534 3284; x_wconf 90' lang='lat' dir='ltr'>una</span> <span class='ocrx_word' id='word_1_200' title='bbox 545 3223 705 3301; x_wconf 88' lang='lat' dir='ltr'>protectio</span> <span class='ocrx_word' id='word_1_201' title='bbox 716 3223 883 3285; x_wconf 78' lang='lat' dir='ltr'>saeculari·</span> 
     </span>
     <span class='ocr_line' id='line_1_30' title="bbox 81 3320 880 3398; baseline 0.003 -18"><span class='ocrx_word' id='word_1_202' title='bbox 81 3320 146 3380; x_wconf 93' lang='lat' dir='ltr'>bus</span> <span class='ocrx_word' id='word_1_203' title='bbox 158 3321 367 3397; x_wconf 90' lang='lat' dir='ltr'>magnatibus</span> <span class='ocrx_word' id='word_1_204' title='bbox 378 3321 418 3382; x_wconf 89' lang='lat' dir='ltr'>ab</span> <span class='ocrx_word' id='word_1_205' title='bbox 424 3321 613 3398; x_wconf 83' lang='lat' dir='ltr'>Apostolica</span> <span class='ocrx_word' id='word_1_206' title='bbox 624 3321 702 3383; x_wconf 90' lang='lat' dir='ltr'>sede</span> <span class='ocrx_word' id='word_1_207' title='bbox 712 3337 880 3396; x_wconf 90' lang='lat' dir='ltr'>concessa,</span> 
     </span>
     <span class='ocr_line' id='line_1_31' title="bbox 81 3417 884 3496; baseline 0.002 -18"><span class='ocrx_word' id='word_1_208' title='bbox 81 3417 884 3496; x_wconf 88' lang='lat' dir='ltr'>rependiconsuevitoensualiquoannuo.Idcon·</span> 
     </span>
     <span class='ocr_line' id='line_1_32' title="bbox 82 3515 883 3580; baseline 0 -2"><span class='ocrx_word' id='word_1_209' title='bbox 82 3517 188 3580; x_wconf 88' lang='lat' dir='ltr'>stabit</span> <span class='ocrx_word' id='word_1_210' title='bbox 202 3532 245 3578; x_wconf 83' lang='lat' dir='ltr'>ex</span> <span class='ocrx_word' id='word_1_211' title='bbox 264 3515 384 3578; x_wconf 86' lang='lat' dir='ltr'>litteris</span> <span class='ocrx_word' id='word_1_212' title='bbox 399 3517 544 3577; x_wconf 89' lang='lat' dir='ltr'>nondum</span> <span class='ocrx_word' id='word_1_213' title='bbox 560 3516 658 3578; x_wconf 90' lang='lat' dir='ltr'>editis</span> <span class='ocrx_word' id='word_1_214' title='bbox 678 3515 818 3579; x_wconf 88' lang='lat' dir='ltr'>Honorii</span> <span class='ocrx_word' id='word_1_215' title='bbox 838 3519 883 3578; x_wconf 92' lang='lat'>111</span> 
     </span>
     <span class='ocr_line' id='line_1_33' title="bbox 82 3613 884 3692; baseline -0.002 -15"><span class='ocrx_word' id='word_1_216' title='bbox 82 3619 199 3692; x_wconf 87' lang='lat' dir='ltr'>Papae,</span> <span class='ocrx_word' id='word_1_217' title='bbox 212 3613 297 3675; x_wconf 83' lang='lat' dir='ltr'>datis</span> <span class='ocrx_word' id='word_1_218' title='bbox 305 3613 346 3674; x_wconf 89' lang='lat' dir='ltr'>ad</span> <span class='ocrx_word' id='word_1_219' title='bbox 357 3613 586 3675; x_wconf 90' lang='lat' dir='ltr'>Wodislavum</span> <span class='ocrx_word' id='word_1_220' title='bbox 597 3613 713 3675; x_wconf 90' lang='lat' dir='ltr'>ducem</span> <span class='ocrx_word' id='word_1_221' title='bbox 726 3613 884 3675; x_wconf 86' lang='lat' dir='ltr'>Calisien·</span> 
     </span>
     <span class='ocr_line' id='line_1_34' title="bbox 82 3710 881 3788; baseline 0.003 -16"><span class='ocrx_word' id='word_1_222' title='bbox 82 3728 156 3773; x_wconf 90' lang='lat' dir='ltr'>sem</span> <span class='ocrx_word' id='word_1_223' title='bbox 181 3712 217 3772; x_wconf 91' lang='lat' dir='ltr'>in</span> <span class='ocrx_word' id='word_1_224' title='bbox 238 3710 388 3784; x_wconf 90' lang='lat' dir='ltr'>Polonia,</span> <span class='ocrx_word' id='word_1_225' title='bbox 403 3728 476 3788; x_wconf 80' lang='lat' dir='ltr'>quaa</span> <span class='ocrx_word' id='word_1_226' title='bbox 495 3711 584 3772; x_wconf 89' lang='lat' dir='ltr'>hunc</span> <span class='ocrx_word' id='word_1_227' title='bbox 605 3711 738 3774; x_wconf 91' lang='lat' dir='ltr'>titulum</span> <span class='ocrx_word' id='word_1_228' title='bbox 756 3711 792 3773; x_wconf 92' lang='lat' dir='ltr'>in</span> <span class='ocrx_word' id='word_1_229' title='bbox 812 3713 881 3774; x_wconf 88' lang='lat' dir='ltr'>MS.</span> 
     </span>
     <span class='ocr_line' id='line_1_35' title="bbox 82 3807 445 3886; baseline -0.006 -15"><span class='ocrx_word' id='word_1_230' title='bbox 82 3809 201 3872; x_wconf 88' lang='lat' dir='ltr'>codice</span> <span class='ocrx_word' id='word_1_231' title='bbox 215 3807 445 3886; x_wconf 79' lang='lat' dir='ltr'>praeferebant.</span> 
     </span>
    </p>
   </div>
   <div class='ocr_carea' id='block_1_5' title="bbox 83 4050 885 4211">
    <p class='ocr_par' dir='ltr' id='par_1_6' title="bbox 83 4050 885 4211">
     <span class='ocr_line' id='line_1_36' title="bbox 83 4050 883 4124; baseline -0.003 -10"><span class='ocrx_word' id='word_1_232' title='bbox 83 4055 135 4114; x_wconf 83' lang='lat' dir='ltr'>De</span> <span class='ocrx_word' id='word_1_233' title='bbox 149 4065 256 4113; x_wconf 80' lang='grc'>1111111</span> <span class='ocrx_word' id='word_1_234' title='bbox 269 4055 385 4113; x_wconf 82' lang='lat' dir='ltr'>decem</span> <span class='ocrx_word' id='word_1_235' title='bbox 398 4065 612 4122; x_wconf 76' lang='grc'>1111111111,</span> <span class='ocrx_word' id='word_1_236' title='bbox 625 4065 711 4124; x_wconf 78' lang='lat' dir='ltr'>quas</span> <span class='ocrx_word' id='word_1_237' title='bbox 725 4054 766 4111; x_wconf 85' lang='lat' dir='ltr'>de</span> <span class='ocrx_word' id='word_1_238' title='bbox 780 4050 883 4112; x_wconf 78' lang='lat' dir='ltr'>terito</span> 
     </span>
     <span class='ocr_line' id='line_1_37' title="bbox 125 4149 885 4211; baseline -0.003 -1"><span class='ocrx_word' id='word_1_239' title='bbox 125 4153 164 4210; x_wconf 84' lang='lat' dir='ltr'>in</span> <span class='ocrx_word' id='word_1_240' title='bbox 176 4149 320 4211; x_wconf 83' lang='lat' dir='ltr'>tertium</span> <span class='ocrx_word' id='word_1_241' title='bbox 333 4163 465 4209; x_wconf 86' lang='grc'>1111111111</span> <span class='ocrx_word' id='word_1_242' title='bbox 476 4151 637 4209; x_wconf 80' lang='lat' dir='ltr'>Ecclesiae</span> <span class='ocrx_word' id='word_1_243' title='bbox 649 4151 814 4209; x_wconf 77' lang='lat' dir='ltr'>Romanae</span> <span class='ocrx_word' id='word_1_244' title='bbox 824 4150 885 4208; x_wconf 82' lang='lat' dir='ltr'>tte-</span> 
     </span>
    </p>
   </div>
   <div class='ocr_carea' id='block_1_6' title="bbox 125 4245 782 4350">
    <p class='ocr_par' dir='ltr' id='par_1_7' title="bbox 125 4245 782 4350">
     <span class='ocr_line' id='line_1_38' title="bbox 125 4245 782 4350; baseline -0.008 -41"><span class='ocrx_word' id='word_1_245' title='bbox 125 4247 575 4350; x_wconf 71' lang='grc'>11111111111111101111,</span> <span class='ocrx_word' id='word_1_246' title='bbox 589 4245 782 4306; x_wconf 83' lang='grc'>1111111217.</span> 
     </span>
    </p>
   </div>
   <div class='ocr_carea' id='block_1_7' title="bbox 74 4422 885 5384">
    <p class='ocr_par' dir='ltr' id='par_1_8' title="bbox 82 4422 885 4692">
     <span class='ocr_line' id='line_1_39' title="bbox 123 4422 883 4498; baseline -0.005 -8"><span class='ocrx_word' id='word_1_247' title='bbox 123 4425 307 4498; x_wconf 87' lang='lat' dir='ltr'>Honorius,</span> <span class='ocrx_word' id='word_1_248' title='bbox 335 4425 397 4488; x_wconf 88' lang='lat' dir='ltr'>etc.</span> <span class='ocrx_word' id='word_1_249' title='bbox 425 4423 546 4488; x_wconf 90' lang='lat' dir='ltr'>dilecto</span> <span class='ocrx_word' id='word_1_250' title='bbox 576 4423 645 4485; x_wconf 89' lang='lat' dir='ltr'>tilio</span> <span class='ocrx_word' id='word_1_251' title='bbox 674 4422 779 4485; x_wconf 90' lang='lat' dir='ltr'>nobili</span> <span class='ocrx_word' id='word_1_252' title='bbox 810 4423 883 4486; x_wconf 89' lang='lat' dir='ltr'>viro</span> 
     </span>
     <span class='ocr_line' id='line_1_40' title="bbox 82 4521 885 4599; baseline -0.006 -10"><span class='ocrx_word' id='word_1_253' title='bbox 82 4526 292 4590; x_wconf 87' lang='lat' dir='ltr'>Wlodislavo</span> <span class='ocrx_word' id='word_1_254' title='bbox 305 4524 380 4584; x_wconf 90' lang='lat' dir='ltr'>duci</span> <span class='ocrx_word' id='word_1_255' title='bbox 392 4523 433 4585; x_wconf 91' lang='lat' dir='ltr'>de</span> <span class='ocrx_word' id='word_1_256' title='bbox 447 4523 535 4584; x_wconf 88' lang='lat' dir='ltr'>Calis</span> <span class='ocrx_word' id='word_1_257' title='bbox 551 4521 735 4584; x_wconf 89' lang='lat' dir='ltr'>salutemet</span> <span class='ocrx_word' id='word_1_258' title='bbox 748 4524 885 4599; x_wconf 85' lang='lat' dir='ltr'>Aposto-</span> 
     </span>
     <span class='ocr_line' id='line_1_41' title="bbox 82 4621 473 4692; baseline -0.015 -6"><span class='ocrx_word' id='word_1_259' title='bbox 82 4627 184 4689; x_wconf 90' lang='lat' dir='ltr'>licam</span> <span class='ocrx_word' id='word_1_260' title='bbox 199 4621 473 4692; x_wconf 87' lang='lat' dir='ltr'>benedictionem.</span> 
     </span>
    </p>

    <p class='ocr_par' dir='ltr' id='par_1_9' title="bbox 74 4717 884 5384">
     <span class='ocr_line' id='line_1_42' title="bbox 122 4717 882 4790; baseline -0.008 -6"><span class='ocrx_word' id='word_1_261' title='bbox 122 4722 345 4784; x_wconf 85' lang='lat' dir='ltr'>sacrosancta</span> <span class='ocrx_word' id='word_1_262' title='bbox 369 4721 518 4782; x_wconf 87' lang='lat' dir='ltr'>Romana</span> <span class='ocrx_word' id='word_1_263' title='bbox 540 4717 700 4790; x_wconf 87' lang='lat' dir='ltr'>Ecclesia,</span> <span class='ocrx_word' id='word_1_264' title='bbox 726 4717 788 4780; x_wconf 88' lang='lat' dir='ltr'>etc.</span> <span class='ocrx_word' id='word_1_265' title='bbox 814 4720 882 4778; x_wconf 82' lang='lat' dir='ltr'>Ea-</span> 
     </span>
     <span class='ocr_line' id='line_1_43' title="bbox 79 4815 883 4902; baseline -0.007 -18"><span class='ocrx_word' id='word_1_266' title='bbox 79 4823 230 4902; x_wconf 88' lang='lat' dir='ltr'>propter,</span> <span class='ocrx_word' id='word_1_267' title='bbox 255 4818 374 4880; x_wconf 90' lang='lat' dir='ltr'>dilecte</span> <span class='ocrx_word' id='word_1_268' title='bbox 397 4817 433 4878; x_wconf 91' lang='lat' dir='ltr'>in</span> <span class='ocrx_word' id='word_1_269' title='bbox 455 4817 594 4879; x_wconf 90' lang='lat' dir='ltr'>Domino</span> <span class='ocrx_word' id='word_1_270' title='bbox 614 4816 673 4888; x_wconf 85' lang='lat' dir='ltr'>fili,</span> <span class='ocrx_word' id='word_1_271' title='bbox 695 4816 761 4878; x_wconf 90' lang='lat' dir='ltr'>tuis</span> <span class='ocrx_word' id='word_1_272' title='bbox 782 4815 883 4894; x_wconf 90' lang='lat' dir='ltr'>justis</span> 
     </span>
     <span class='ocr_line' id='line_1_44' title="bbox 78 4915 881 4998; baseline -0.01 -16"><span class='ocrx_word' id='word_1_273' title='bbox 78 4915 363 4998; x_wconf 85' lang='lat' dir='ltr'>postulationibus</span> <span class='ocrx_word' id='word_1_274' title='bbox 386 4915 550 4988; x_wconf 90' lang='lat' dir='ltr'>inclinati,</span> <span class='ocrx_word' id='word_1_275' title='bbox 577 4930 753 4992; x_wconf 90' lang='lat' dir='ltr'>personam</span> <span class='ocrx_word' id='word_1_276' title='bbox 780 4917 881 4986; x_wconf 87' lang='lat' dir='ltr'>tuam,</span> 
     </span>
     <span class='ocr_line' id='line_1_45' title="bbox 76 5011 881 5090; baseline -0.011 -9"><span class='ocrx_word' id='word_1_277' title='bbox 76 5023 220 5084; x_wconf 87' lang='lat' dir='ltr'>terram,</span> <span class='ocrx_word' id='word_1_278' title='bbox 232 5015 394 5085; x_wconf 90' lang='lat' dir='ltr'>homines,</span> <span class='ocrx_word' id='word_1_279' title='bbox 407 5012 647 5090; x_wconf 90' lang='lat' dir='ltr'>possessiones,</span> <span class='ocrx_word' id='word_1_280' title='bbox 658 5013 692 5074; x_wconf 90' lang='lat' dir='ltr'>et</span> <span class='ocrx_word' id='word_1_281' title='bbox 703 5011 770 5073; x_wconf 87' lang='lat' dir='ltr'>alia</span> <span class='ocrx_word' id='word_1_282' title='bbox 783 5011 881 5083; x_wconf 90' lang='lat' dir='ltr'>bona,</span> 
     </span>
     <span class='ocr_line' id='line_1_46' title="bbox 75 5108 881 5197; baseline -0.012 -19"><span class='ocrx_word' id='word_1_283' title='bbox 75 5132 155 5197; x_wconf 86' lang='lat' dir='ltr'>quae</span> <span class='ocrx_word' id='word_1_284' title='bbox 164 5115 201 5176; x_wconf 89' lang='lat' dir='ltr'>in</span> <span class='ocrx_word' id='word_1_285' title='bbox 210 5111 462 5194; x_wconf 71' lang='lat' dir='ltr'>presentiarum</span> <span class='ocrx_word' id='word_1_286' title='bbox 470 5108 714 5171; x_wconf 90' lang='lat' dir='ltr'>rationabiliter</span> <span class='ocrx_word' id='word_1_287' title='bbox 721 5108 881 5186; x_wconf 91' lang='lat' dir='ltr'>possides,</span> 
     </span>
     <span class='ocr_line' id='line_1_47' title="bbox 74 5203 884 5286; baseline -0.01 -12"><span class='ocrx_word' id='word_1_288' title='bbox 74 5213 139 5274; x_wconf 88' lang='lat' dir='ltr'>aut</span> <span class='ocrx_word' id='word_1_289' title='bbox 152 5211 191 5274; x_wconf 90' lang='lat' dir='ltr'>in</span> <span class='ocrx_word' id='word_1_290' title='bbox 208 5209 354 5270; x_wconf 88' lang='lat' dir='ltr'>l&#39;uturum</span> <span class='ocrx_word' id='word_1_291' title='bbox 369 5207 471 5286; x_wconf 88' lang='lat' dir='ltr'>justis</span> <span class='ocrx_word' id='word_1_292' title='bbox 493 5205 610 5278; x_wconf 90' lang='lat' dir='ltr'>modis,</span> <span class='ocrx_word' id='word_1_293' title='bbox 628 5205 808 5284; x_wconf 81' lang='lat' dir='ltr'>praestante</span> <span class='ocrx_word' id='word_1_294' title='bbox 823 5203 884 5266; x_wconf 95' lang='lat' dir='ltr'>do-</span> 
     </span>
     <span class='ocr_line' id='line_1_48' title="bbox 74 5302 884 5384; baseline -0.007 -12"><span class='ocrx_word' id='word_1_295' title='bbox 74 5310 185 5379; x_wconf 90' lang='lat' dir='ltr'>mino,</span> <span class='ocrx_word' id='word_1_296' title='bbox 211 5305 336 5384; x_wconf 91' lang='lat' dir='ltr'>poteris</span> <span class='ocrx_word' id='word_1_297' title='bbox 359 5305 511 5382; x_wconf 85' lang='lat' dir='ltr'>adipisci,</span> <span class='ocrx_word' id='word_1_298' title='bbox 537 5303 599 5364; x_wconf 91' lang='lat' dir='ltr'>sub</span> <span class='ocrx_word' id='word_1_299' title='bbox 621 5302 711 5366; x_wconf 92' lang='lat' dir='ltr'>beati</span> <span class='ocrx_word' id='word_1_300' title='bbox 735 5303 826 5366; x_wconf 88' lang='lat' dir='ltr'>Petri</span> <span class='ocrx_word' id='word_1_301' title='bbox 852 5303 884 5366; x_wconf 91' lang='lat' dir='ltr'>et</span> 
     </span>
    </p>
   </div>
   <div class='ocr_carea' id='block_1_8' title="bbox 936 1387 1733 1663">
    <p class='ocr_par' dir='ltr' id='par_1_10' title="bbox 936 1387 1733 1663">
     <span class='ocr_line' id='line_1_49' title="bbox 936 1387 1691 1468; baseline -0.009 -15"><span class='ocrx_word' id='word_1_302' title='bbox 936 1393 1048 1467; x_wconf 89' lang='lat' dir='ltr'>ginam</span> <span class='ocrx_word' id='word_1_303' title='bbox 1063 1391 1257 1467; x_wconf 80' lang='lat' dir='ltr'>intringere,</span> <span class='ocrx_word' id='word_1_304' title='bbox 1273 1391 1334 1452; x_wconf 88' lang='lat' dir='ltr'>etc.</span> <span class='ocrx_word' id='word_1_305' title='bbox 1353 1390 1388 1452; x_wconf 89' lang='lat' dir='ltr'>Si</span> <span class='ocrx_word' id='word_1_306' title='bbox 1403 1389 1477 1468; x_wconf 86' lang='lat' dir='ltr'>quis</span> <span class='ocrx_word' id='word_1_307' title='bbox 1492 1387 1614 1460; x_wconf 88' lang='lat' dir='ltr'>autem,</span> <span class='ocrx_word' id='word_1_308' title='bbox 1629 1387 1691 1448; x_wconf 91' lang='lat' dir='ltr'>eto.</span> 
     </span>
     <span class='ocr_line' id='line_1_50' title="bbox 978 1482 1733 1560; baseline -0.009 -10"><span class='ocrx_word' id='word_1_309' title='bbox 978 1490 1096 1552; x_wconf 90' lang='lat' dir='ltr'>Datum</span> <span class='ocrx_word' id='word_1_310' title='bbox 1111 1489 1266 1552; x_wconf 84' lang='lat' dir='ltr'>Laterani</span> <span class='ocrx_word' id='word_1_311' title='bbox 1278 1491 1307 1550; x_wconf 85' lang='lat' dir='ltr'><strong>V</strong></span> <span class='ocrx_word' id='word_1_312' title='bbox 1321 1487 1395 1549; x_wconf 90' lang='lat' dir='ltr'>idus</span> <span class='ocrx_word' id='word_1_313' title='bbox 1406 1484 1591 1557; x_wconf 82' lang='lat' dir='ltr'>Februarii,</span> <span class='ocrx_word' id='word_1_314' title='bbox 1603 1482 1733 1560; x_wconf 85' lang='lat' dir='ltr'>pontiti·</span> 
     </span>
     <span class='ocr_line' id='line_1_51' title="bbox 937 1585 1384 1663; baseline -0.004 -15"><span class='ocrx_word' id='word_1_315' title='bbox 937 1587 1030 1648; x_wconf 88' lang='lat' dir='ltr'>catus</span> <span class='ocrx_word' id='word_1_316' title='bbox 1043 1587 1150 1650; x_wconf 89' lang='lat' dir='ltr'>nostri</span> <span class='ocrx_word' id='word_1_317' title='bbox 1165 1601 1252 1648; x_wconf 88' lang='lat' dir='ltr'>anno</span> <span class='ocrx_word' id='word_1_318' title='bbox 1267 1585 1384 1663; x_wconf 87' lang='lat' dir='ltr'>primo.</span> 
     </span>
    </p>
   </div>
   <div class='ocr_carea' id='block_1_9' title="bbox 935 1742 1734 3586">
    <p class='ocr_par' dir='ltr' id='par_1_11' title="bbox 935 1742 1734 3586">
     <span class='ocr_line' id='line_1_52' title="bbox 975 1742 1732 1827; baseline -0.011 -17"><span class='ocrx_word' id='word_1_319' title='bbox 975 1749 1152 1810; x_wconf 76' lang='grc'>11111111.-</span> <span class='ocrx_word' id='word_1_320' title='bbox 1165 1749 1300 1827; x_wconf 83' lang='lat' dir='ltr'>Sedjam</span> <span class='ocrx_word' id='word_1_321' title='bbox 1315 1746 1476 1822; x_wconf 80' lang='lat' dir='ltr'>intelligo,</span> <span class='ocrx_word' id='word_1_322' title='bbox 1486 1761 1538 1806; x_wconf 92' lang='lat' dir='ltr'>me</span> <span class='ocrx_word' id='word_1_323' title='bbox 1553 1742 1732 1806; x_wconf 90' lang='lat' dir='ltr'>lectoribus</span> 
     </span>
     <span class='ocr_line' id='line_1_53' title="bbox 937 1841 1733 1918; baseline -0.01 -10"><span class='ocrx_word' id='word_1_324' title='bbox 937 1846 1035 1908; x_wconf 82' lang='lat' dir='ltr'>facile</span> <span class='ocrx_word' id='word_1_325' title='bbox 1049 1846 1148 1909; x_wconf 83' lang='lat' dir='ltr'>taedio</span> <span class='ocrx_word' id='word_1_326' title='bbox 1163 1846 1320 1918; x_wconf 83' lang='lat' dir='ltr'>futurum,</span> <span class='ocrx_word' id='word_1_327' title='bbox 1336 1845 1364 1906; x_wconf 94' lang='lat' dir='ltr'>si</span> <span class='ocrx_word' id='word_1_328' title='bbox 1379 1843 1574 1905; x_wconf 90' lang='lat' dir='ltr'>inanimum</span> <span class='ocrx_word' id='word_1_329' title='bbox 1589 1841 1733 1902; x_wconf 81' lang='lat' dir='ltr'>induxe-</span> 
     </span>
     <span class='ocr_line' id='line_1_54' title="bbox 936 1939 1731 2022; baseline -0.013 -14"><span class='ocrx_word' id='word_1_330' title='bbox 936 1947 1011 2018; x_wconf 87' lang='lat' dir='ltr'>rim,</span> <span class='ocrx_word' id='word_1_331' title='bbox 1028 1944 1159 2022; x_wconf 87' lang='lat' dir='ltr'>singula</span> <span class='ocrx_word' id='word_1_332' title='bbox 1179 1943 1344 2022; x_wconf 86' lang='lat' dir='ltr'>persequi,</span> <span class='ocrx_word' id='word_1_333' title='bbox 1365 1943 1398 2004; x_wconf 90' lang='lat' dir='ltr'>et</span> <span class='ocrx_word' id='word_1_334' title='bbox 1416 1941 1540 2003; x_wconf 91' lang='lat' dir='ltr'>diutius</span> <span class='ocrx_word' id='word_1_335' title='bbox 1558 1939 1731 2000; x_wconf 88' lang='lat' dir='ltr'>immorari</span> 
     </span>
     <span class='ocr_line' id='line_1_55' title="bbox 935 2036 1732 2120; baseline -0.008 -16"><span class='ocrx_word' id='word_1_336' title='bbox 935 2043 971 2104; x_wconf 89' lang='lat' dir='ltr'>in</span> <span class='ocrx_word' id='word_1_337' title='bbox 986 2042 1088 2106; x_wconf 88' lang='lat' dir='ltr'>hocce</span> <span class='ocrx_word' id='word_1_338' title='bbox 1103 2042 1309 2120; x_wconf 74' lang='lat' dir='ltr'>argumento·</span> <span class='ocrx_word' id='word_1_339' title='bbox 1328 2043 1366 2102; x_wconf 91' lang='lat' dir='ltr'>In</span> <span class='ocrx_word' id='word_1_340' title='bbox 1380 2039 1443 2101; x_wconf 91' lang='lat' dir='ltr'>boc</span> <span class='ocrx_word' id='word_1_341' title='bbox 1458 2039 1531 2116; x_wconf 91' lang='lat' dir='ltr'>ipso</span> <span class='ocrx_word' id='word_1_342' title='bbox 1550 2053 1649 2115; x_wconf 90' lang='lat' dir='ltr'>opere</span> <span class='ocrx_word' id='word_1_343' title='bbox 1665 2036 1732 2098; x_wconf 91' lang='lat' dir='ltr'>alia</span> 
     </span>
     <span class='ocr_line' id='line_1_56' title="bbox 937 2135 1733 2220; baseline -0.01 -18"><span class='ocrx_word' id='word_1_344' title='bbox 937 2141 1035 2220; x_wconf 87' lang='lat' dir='ltr'>hujus</span> <span class='ocrx_word' id='word_1_345' title='bbox 1065 2140 1197 2218; x_wconf 87' lang='lat' dir='ltr'>generis</span> <span class='ocrx_word' id='word_1_346' title='bbox 1230 2139 1442 2200; x_wconf 90' lang='lat' dir='ltr'>monumenta</span> <span class='ocrx_word' id='word_1_347' title='bbox 1472 2135 1659 2204; x_wconf 88' lang='lat' dir='ltr'>occurrent,</span> <span class='ocrx_word' id='word_1_348' title='bbox 1693 2148 1733 2194; x_wconf 90' lang='lat' dir='ltr'>ac</span> 
     </span>
     <span class='ocr_line' id='line_1_57' title="bbox 935 2230 1731 2316; baseline -0.011 -16"><span class='ocrx_word' id='word_1_349' title='bbox 935 2239 1102 2316; x_wconf 87' lang='lat' dir='ltr'>praecipue</span> <span class='ocrx_word' id='word_1_350' title='bbox 1115 2253 1188 2316; x_wconf 85' lang='lat' dir='ltr'>quae</span> <span class='ocrx_word' id='word_1_351' title='bbox 1199 2237 1240 2298; x_wconf 91' lang='lat' dir='ltr'>ad</span> <span class='ocrx_word' id='word_1_352' title='bbox 1253 2235 1416 2298; x_wconf 87' lang='lat' dir='ltr'>Sardiniae</span> <span class='ocrx_word' id='word_1_353' title='bbox 1424 2234 1556 2313; x_wconf 90' lang='lat' dir='ltr'>judices</span> <span class='ocrx_word' id='word_1_354' title='bbox 1572 2230 1731 2309; x_wconf 90' lang='lat' dir='ltr'>spectant.</span> 
     </span>
     <span class='ocr_line' id='line_1_58' title="bbox 936 2329 1733 2408; baseline -0.01 -10"><span class='ocrx_word' id='word_1_355' title='bbox 936 2337 1033 2398; x_wconf 93' lang='lat' dir='ltr'>Nunc</span> <span class='ocrx_word' id='word_1_356' title='bbox 1043 2335 1148 2398; x_wconf 90' lang='lat' dir='ltr'>satius</span> <span class='ocrx_word' id='word_1_357' title='bbox 1159 2335 1254 2408; x_wconf 91' lang='lat' dir='ltr'>duco,</span> <span class='ocrx_word' id='word_1_358' title='bbox 1266 2333 1427 2396; x_wconf 88' lang='lat' dir='ltr'>nonnulla</span> <span class='ocrx_word' id='word_1_359' title='bbox 1437 2330 1578 2403; x_wconf 78' lang='lat' dir='ltr'>adferre,</span> <span class='ocrx_word' id='word_1_360' title='bbox 1594 2329 1733 2392; x_wconf 88' lang='lat' dir='ltr'>collecta</span> 
     </span>
     <span class='ocr_line' id='line_1_59' title="bbox 935 2428 1733 2510; baseline -0.011 -14"><span class='ocrx_word' id='word_1_361' title='bbox 935 2435 969 2496; x_wconf 92' lang='lat' dir='ltr'>in</span> <span class='ocrx_word' id='word_1_362' title='bbox 991 2433 1080 2496; x_wconf 91' lang='lat' dir='ltr'>bunc</span> <span class='ocrx_word' id='word_1_363' title='bbox 1095 2433 1194 2494; x_wconf 86' lang='lat' dir='ltr'>tinem</span> <span class='ocrx_word' id='word_1_364' title='bbox 1210 2433 1287 2495; x_wconf 88' lang='lat' dir='ltr'>ante</span> <span class='ocrx_word' id='word_1_365' title='bbox 1305 2431 1433 2510; x_wconf 84' lang='lat' dir='ltr'>aliquot</span> <span class='ocrx_word' id='word_1_366' title='bbox 1449 2428 1582 2500; x_wconf 84' lang='lat' dir='ltr'>saeoula,</span> <span class='ocrx_word' id='word_1_367' title='bbox 1600 2429 1631 2489; x_wconf 90' lang='lat' dir='ltr'>et</span> <span class='ocrx_word' id='word_1_368' title='bbox 1646 2443 1665 2488; x_wconf 89' lang='lat' dir='ltr'>a</span> <span class='ocrx_word' id='word_1_369' title='bbox 1680 2441 1733 2487; x_wconf 89' lang='lat' dir='ltr'>me</span> 
     </span>
     <span class='ocr_line' id='line_1_60' title="bbox 936 2523 1732 2610; baseline -0.011 -17"><span class='ocrx_word' id='word_1_370' title='bbox 936 2547 978 2593; x_wconf 81' lang='lat' dir='ltr'>ex</span> <span class='ocrx_word' id='word_1_371' title='bbox 1006 2531 1237 2610; x_wconf 87' lang='lat' dir='ltr'>antiquissimo</span> <span class='ocrx_word' id='word_1_372' title='bbox 1269 2528 1383 2591; x_wconf 91' lang='lat' dir='ltr'>codice</span> <span class='ocrx_word' id='word_1_373' title='bbox 1415 2527 1528 2589; x_wconf 88' lang='lat' dir='ltr'>Cenoii</span> <span class='ocrx_word' id='word_1_374' title='bbox 1556 2523 1732 2587; x_wconf 86' lang='lat' dir='ltr'>camerarii</span> 
     </span>
     <span class='ocr_line' id='line_1_61' title="bbox 936 2623 1734 2706; baseline -0.011 -16"><span class='ocrx_word' id='word_1_375' title='bbox 936 2629 1112 2706; x_wconf 90' lang='lat' dir='ltr'>descripta,</span> <span class='ocrx_word' id='word_1_376' title='bbox 1132 2631 1226 2706; x_wconf 87' lang='lat' dir='ltr'>cujus</span> <span class='ocrx_word' id='word_1_377' title='bbox 1245 2627 1334 2689; x_wconf 84' lang='lat' dir='ltr'>inira</span> <span class='ocrx_word' id='word_1_378' title='bbox 1349 2642 1457 2688; x_wconf 85' lang='lat' dir='ltr'>sermo</span> <span class='ocrx_word' id='word_1_379' title='bbox 1480 2624 1554 2686; x_wconf 90' lang='lat' dir='ltr'>erit.</span> <span class='ocrx_word' id='word_1_380' title='bbox 1571 2623 1656 2684; x_wconf 90' lang='lat' dir='ltr'>Hinc</span> <span class='ocrx_word' id='word_1_381' title='bbox 1671 2638 1734 2682; x_wconf 90' lang='lat' dir='ltr'>au-</span> 
     </span>
     <span class='ocr_line' id='line_1_62' title="bbox 935 2721 1733 2799; baseline -0.014 -10"><span class='ocrx_word' id='word_1_382' title='bbox 935 2727 1001 2789; x_wconf 89' lang='lat' dir='ltr'>tem</span> <span class='ocrx_word' id='word_1_383' title='bbox 1017 2726 1118 2788; x_wconf 91' lang='lat' dir='ltr'>multa</span> <span class='ocrx_word' id='word_1_384' title='bbox 1141 2725 1315 2788; x_wconf 88' lang='lat' dir='ltr'>elucebant</span> <span class='ocrx_word' id='word_1_385' title='bbox 1334 2724 1375 2786; x_wconf 91' lang='lat' dir='ltr'>ad</span> <span class='ocrx_word' id='word_1_386' title='bbox 1398 2721 1638 2799; x_wconf 88' lang='lat' dir='ltr'>dignoscendos</span> <span class='ocrx_word' id='word_1_387' title='bbox 1653 2735 1733 2780; x_wconf 89' lang='lat' dir='ltr'>cen-</span> 
     </span>
     <span class='ocr_line' id='line_1_63' title="bbox 936 2815 1734 2902; baseline -0.011 -16"><span class='ocrx_word' id='word_1_388' title='bbox 936 2841 1004 2898; x_wconf 75' lang='lat' dir='ltr'>sus</span> <span class='ocrx_word' id='word_1_389' title='bbox 1026 2841 1107 2902; x_wconf 91' lang='lat' dir='ltr'>quos</span> <span class='ocrx_word' id='word_1_390' title='bbox 1128 2822 1208 2886; x_wconf 91' lang='lat' dir='ltr'>olim</span> <span class='ocrx_word' id='word_1_391' title='bbox 1229 2822 1333 2884; x_wconf 89' lang='lat' dir='ltr'>variis</span> <span class='ocrx_word' id='word_1_392' title='bbox 1357 2837 1400 2883; x_wconf 83' lang='grc'>11</span> <span class='ocrx_word' id='word_1_393' title='bbox 1422 2820 1505 2882; x_wconf 92' lang='lat' dir='ltr'>locis</span> <span class='ocrx_word' id='word_1_394' title='bbox 1527 2815 1734 2896; x_wconf 78' lang='lat' dir='ltr'>exprimebat</span> 
     </span>
     <span class='ocr_line' id='line_1_64' title="bbox 935 2914 1734 3000; baseline -0.015 -14"><span class='ocrx_word' id='word_1_395' title='bbox 935 2923 1124 3000; x_wconf 86' lang='lat' dir='ltr'>Apostolica</span> <span class='ocrx_word' id='word_1_396' title='bbox 1146 2921 1258 2994; x_wconf 89' lang='lat' dir='ltr'>Sedes,</span> <span class='ocrx_word' id='word_1_397' title='bbox 1276 2921 1309 2983; x_wconf 90' lang='lat' dir='ltr'>et</span> <span class='ocrx_word' id='word_1_398' title='bbox 1324 2921 1397 2982; x_wconf 91' lang='lat' dir='ltr'>loca</span> <span class='ocrx_word' id='word_1_399' title='bbox 1412 2919 1523 2990; x_wconf 89' lang='lat' dir='ltr'>etiam,</span> <span class='ocrx_word' id='word_1_400' title='bbox 1540 2931 1614 2994; x_wconf 84' lang='lat' dir='ltr'>quae</span> <span class='ocrx_word' id='word_1_401' title='bbox 1629 2915 1670 2976; x_wconf 91' lang='lat' dir='ltr'>ad</span> <span class='ocrx_word' id='word_1_402' title='bbox 1689 2914 1734 2975; x_wconf 91' lang='lat' dir='ltr'>il-</span> 
     </span>
     <span class='ocr_line' id='line_1_65' title="bbox 936 3013 1732 3096; baseline -0.01 -16"><span class='ocrx_word' id='word_1_403' title='bbox 936 3020 1001 3081; x_wconf 89' lang='lat' dir='ltr'>lius</span> <span class='ocrx_word' id='word_1_404' title='bbox 1016 3019 1174 3083; x_wconf 92' lang='lat' dir='ltr'>ditionem</span> <span class='ocrx_word' id='word_1_405' title='bbox 1189 3017 1409 3096; x_wconf 88' lang='lat' dir='ltr'>pertinebant.</span> <span class='ocrx_word' id='word_1_406' title='bbox 1422 3019 1563 3092; x_wconf 86' lang='lat' dir='ltr'>Tempus</span> <span class='ocrx_word' id='word_1_407' title='bbox 1574 3013 1732 3090; x_wconf 89' lang='lat' dir='ltr'>certepro</span> 
     </span>
     <span class='ocr_line' id='line_1_66' title="bbox 937 3111 1732 3192; baseline -0.014 -11"><span class='ocrx_word' id='word_1_408' title='bbox 937 3119 1121 3181; x_wconf 88' lang='lat' dir='ltr'>ceterarum</span> <span class='ocrx_word' id='word_1_409' title='bbox 1132 3133 1243 3178; x_wconf 88' lang='lat' dir='ltr'>rerum</span> <span class='ocrx_word' id='word_1_410' title='bbox 1252 3114 1480 3178; x_wconf 89' lang='lat' dir='ltr'>vicissitudine</span> <span class='ocrx_word' id='word_1_411' title='bbox 1489 3111 1732 3192; x_wconf 85' lang='lat' dir='ltr'>quamplurima</span> 
     </span>
     <span class='ocr_line' id='line_1_67' title="bbox 937 3209 1734 3291; baseline -0.013 -13"><span class='ocrx_word' id='word_1_412' title='bbox 937 3217 1094 3278; x_wconf 88' lang='lat' dir='ltr'>Romanae</span> <span class='ocrx_word' id='word_1_413' title='bbox 1105 3215 1261 3277; x_wconf 76' lang='lat' dir='ltr'>Ecclesiae</span> <span class='ocrx_word' id='word_1_414' title='bbox 1272 3213 1403 3291; x_wconf 89' lang='lat' dir='ltr'>eripuit.</span> <span class='ocrx_word' id='word_1_415' title='bbox 1416 3211 1478 3274; x_wconf 87' lang='lat' dir='ltr'>sed</span> <span class='ocrx_word' id='word_1_416' title='bbox 1489 3227 1566 3290; x_wconf 91' lang='lat' dir='ltr'>pars</span> <span class='ocrx_word' id='word_1_417' title='bbox 1577 3209 1734 3271; x_wconf 89' lang='lat' dir='ltr'>eruditio·</span> 
     </span>
     <span class='ocr_line' id='line_1_68' title="bbox 937 3305 1733 3390; baseline -0.011 -16"><span class='ocrx_word' id='word_1_418' title='bbox 937 3315 989 3375; x_wconf 90' lang='lat' dir='ltr'>nis</span> <span class='ocrx_word' id='word_1_419' title='bbox 1004 3314 1064 3386; x_wconf 88' lang='lat' dir='ltr'>est,</span> <span class='ocrx_word' id='word_1_420' title='bbox 1081 3313 1251 3390; x_wconf 89' lang='lat' dir='ltr'>deperdita</span> <span class='ocrx_word' id='word_1_421' title='bbox 1267 3313 1366 3374; x_wconf 90' lang='lat' dir='ltr'>etiam</span> <span class='ocrx_word' id='word_1_422' title='bbox 1384 3309 1528 3382; x_wconf 90' lang='lat' dir='ltr'>novisse,</span> <span class='ocrx_word' id='word_1_423' title='bbox 1545 3307 1578 3369; x_wconf 88' lang='lat' dir='ltr'>et</span> <span class='ocrx_word' id='word_1_424' title='bbox 1598 3305 1733 3384; x_wconf 90' lang='lat' dir='ltr'>potissi-</span> 
     </span>
     <span class='ocr_line' id='line_1_69' title="bbox 937 3401 1733 3496; baseline -0.01 -24"><span class='ocrx_word' id='word_1_425' title='bbox 937 3428 1025 3472; x_wconf 93' lang='lat' dir='ltr'>mum</span> <span class='ocrx_word' id='word_1_426' title='bbox 1040 3409 1173 3496; x_wconf 87' lang='lat' dir='ltr'>quando</span> <span class='ocrx_word' id='word_1_427' title='bbox 1186 3410 1262 3471; x_wconf 91' lang='lat' dir='ltr'>aliis</span> <span class='ocrx_word' id='word_1_428' title='bbox 1273 3406 1503 3487; x_wconf 86' lang='lat' dir='ltr'>progressibus</span> <span class='ocrx_word' id='word_1_429' title='bbox 1518 3405 1672 3482; x_wconf 89' lang='lat' dir='ltr'>reparata</span> <span class='ocrx_word' id='word_1_430' title='bbox 1683 3401 1733 3464; x_wconf 90' lang='lat' dir='ltr'>est</span> 
     </span>
     <span class='ocr_line' id='line_1_70' title="bbox 937 3504 1472 3586; baseline -0.013 -15"><span class='ocrx_word' id='word_1_431' title='bbox 937 3509 1085 3572; x_wconf 89' lang='lat' dir='ltr'>veterum</span> <span class='ocrx_word' id='word_1_432' title='bbox 1100 3509 1317 3586; x_wconf 88' lang='lat' dir='ltr'>proventuum</span> <span class='ocrx_word' id='word_1_433' title='bbox 1328 3504 1472 3584; x_wconf 86' lang='lat' dir='ltr'>jactura.</span> 
     </span>
    </p>
   </div>
   <div class='ocr_carea' id='block_1_10' title="bbox 936 3673 1735 4238">
    <p class='ocr_par' dir='ltr' id='par_1_12' title="bbox 936 3673 1735 4238">
     <span class='ocr_line' id='line_1_71' title="bbox 936 3673 1731 3750; baseline -0.013 -9"><span class='ocrx_word' id='word_1_434' title='bbox 936 3683 986 3742; x_wconf 83' lang='lat' dir='ltr'>Dc</span> <span class='ocrx_word' id='word_1_435' title='bbox 1007 3677 1202 3741; x_wconf 81' lang='lat' dir='ltr'>civitatibus</span> <span class='ocrx_word' id='word_1_436' title='bbox 1223 3677 1256 3740; x_wconf 88' lang='lat' dir='ltr'>et</span> <span class='ocrx_word' id='word_1_437' title='bbox 1268 3677 1470 3747; x_wconf 65' lang='lat' dir='ltr'>territoriis</span> <span class='ocrx_word' id='word_1_438' title='bbox 1487 3688 1566 3748; x_wconf 77' lang='lat' dir='ltr'>pttae</span> <span class='ocrx_word' id='word_1_439' title='bbox 1581 3686 1649 3750; x_wconf 76' lang='lat' dir='ltr'>reor</span> <span class='ocrx_word' id='word_1_440' title='bbox 1661 3673 1731 3732; x_wconf 83' lang='lat' dir='ltr'>Co-</span> 
     </span>
     <span class='ocr_line' id='line_1_72' title="bbox 976 3769 1733 3844; baseline -0.012 -6"><span class='ocrx_word' id='word_1_441' title='bbox 976 3783 1071 3839; x_wconf 79' lang='lat' dir='ltr'>rotas</span> <span class='ocrx_word' id='word_1_442' title='bbox 1097 3777 1192 3838; x_wconf 86' lang='lat' dir='ltr'>beato</span> <span class='ocrx_word' id='word_1_443' title='bbox 1213 3777 1321 3837; x_wconf 82' lang='lat' dir='ltr'>Petro</span> <span class='ocrx_word' id='word_1_444' title='bbox 1346 3772 1530 3844; x_wconf 76' lang='lat' dir='ltr'>coitcessit,</span> <span class='ocrx_word' id='word_1_445' title='bbox 1560 3769 1594 3832; x_wconf 86' lang='lat' dir='ltr'>et</span> <span class='ocrx_word' id='word_1_446' title='bbox 1623 3774 1733 3842; x_wconf 72' lang='lat' dir='ltr'>Papae</span> 
     </span>
     <span class='ocr_line' id='line_1_73' title="bbox 977 3869 1732 3947; baseline -0.011 -11"><span class='ocrx_word' id='word_1_447' title='bbox 977 3878 1131 3936; x_wconf 80' lang='lat' dir='ltr'>Adriano</span> <span class='ocrx_word' id='word_1_448' title='bbox 1160 3875 1252 3935; x_wconf 79' lang='lat' dir='ltr'>tratti</span> <span class='ocrx_word' id='word_1_449' title='bbox 1277 3873 1468 3947; x_wconf 83' lang='lat' dir='ltr'>spopondit.</span> <span class='ocrx_word' id='word_1_450' title='bbox 1499 3871 1572 3931; x_wconf 88' lang='lat' dir='ltr'>Nec</span> <span class='ocrx_word' id='word_1_451' title='bbox 1599 3883 1668 3929; x_wconf 85' lang='grc'>11111</span> <span class='ocrx_word' id='word_1_452' title='bbox 1691 3869 1732 3928; x_wconf 82' lang='lat' dir='ltr'>de</span> 
     </span>
     <span class='ocr_line' id='line_1_74' title="bbox 965 3967 1730 4042; baseline -0.013 -8"><span class='ocrx_word' id='word_1_453' title='bbox 965 3971 1326 4042; x_wconf 73' lang='grc' dir='ltr'>Ι1111111111111,11111111,</span> <span class='ocrx_word' id='word_1_454' title='bbox 1338 3971 1445 4030; x_wconf 79' lang='lat' dir='ltr'>terris</span> <span class='ocrx_word' id='word_1_455' title='bbox 1454 3968 1487 4028; x_wconf 86' lang='lat' dir='ltr'>et</span> <span class='ocrx_word' id='word_1_456' title='bbox 1498 3967 1730 4036; x_wconf 68' lang='lat' dir='ltr'>niortostertis,</span> 
     </span>
     <span class='ocr_line' id='line_1_75' title="bbox 974 4063 1735 4144; baseline -0.014 -13"><span class='ocrx_word' id='word_1_457' title='bbox 974 4085 1042 4144; x_wconf 80' lang='lat' dir='ltr'>per</span> <span class='ocrx_word' id='word_1_458' title='bbox 1053 4072 1209 4129; x_wconf 80' lang='lat' dir='ltr'>diuersas</span> <span class='ocrx_word' id='word_1_459' title='bbox 1223 4069 1343 4128; x_wconf 78' lang='grc'>1111111111</span> <span class='ocrx_word' id='word_1_460' title='bbox 1351 4069 1552 4140; x_wconf 81' lang='lat' dir='ltr'>prouincias</span> <span class='ocrx_word' id='word_1_461' title='bbox 1567 4063 1735 4123; x_wconf 82' lang='lat' dir='ltr'>constitu-</span> 
     </span>
     <span class='ocr_line' id='line_1_76' title="bbox 979 4159 1734 4238; baseline -0.015 -10"><span class='ocrx_word' id='word_1_462' title='bbox 979 4169 1037 4238; x_wconf 75' lang='lat' dir='ltr'>ite,</span> <span class='ocrx_word' id='word_1_463' title='bbox 1051 4169 1085 4226; x_wconf 88' lang='lat' dir='ltr'>et</span> <span class='ocrx_word' id='word_1_464' title='bbox 1096 4167 1252 4226; x_wconf 83' lang='lat' dir='ltr'>censibus</span> <span class='ocrx_word' id='word_1_465' title='bbox 1265 4166 1425 4224; x_wconf 74' lang='lat' dir='ltr'>Eoetestae</span> <span class='ocrx_word' id='word_1_466' title='bbox 1436 4165 1601 4223; x_wconf 81' lang='lat' dir='ltr'>Rontcnoe</span> <span class='ocrx_word' id='word_1_467' title='bbox 1613 4159 1734 4220; x_wconf 85' lang='lat' dir='ltr'>debitis</span> 
     </span>
    </p>
   </div>
   <div class='ocr_carea' id='block_1_11' title="bbox 977 4265 1170 4325">
    <p class='ocr_par' dir='ltr' id='par_1_13' title="bbox 977 4265 1170 4325">
     <span class='ocr_line' id='line_1_77' title="bbox 977 4265 1170 4325; baseline -0.016 0"><span class='ocrx_word' id='word_1_468' title='bbox 977 4267 1019 4325; x_wconf 83' lang='lat' dir='ltr'>ab</span> <span class='ocrx_word' id='word_1_469' title='bbox 1032 4265 1170 4325; x_wconf 82' lang='lat' dir='ltr'>eisdem.</span> 
     </span>
    </p>
   </div>
   <div class='ocr_carea' id='block_1_12' title="bbox 938 4409 1735 5360">
    <p class='ocr_par' dir='ltr' id='par_1_14' title="bbox 938 4409 1735 5360">
     <span class='ocr_line' id='line_1_78' title="bbox 977 4409 1732 4490; baseline -0.015 -11"><span class='ocrx_word' id='word_1_470' title='bbox 977 4415 1144 4479; x_wconf 83' lang='lat' dir='ltr'>Adrianus</span> <span class='ocrx_word' id='word_1_471' title='bbox 1174 4417 1265 4490; x_wconf 89' lang='lat' dir='ltr'>Papa</span> <span class='ocrx_word' id='word_1_472' title='bbox 1289 4409 1430 4474; x_wconf 91' lang='lat' dir='ltr'>obtinuit</span> <span class='ocrx_word' id='word_1_473' title='bbox 1459 4427 1479 4472; x_wconf 90' lang='lat' dir='ltr'>a</span> <span class='ocrx_word' id='word_1_474' title='bbox 1508 4409 1625 4472; x_wconf 87' lang='lat' dir='ltr'>Carolo</span> <span class='ocrx_word' id='word_1_475' title='bbox 1654 4422 1732 4482; x_wconf 84' lang='lat' dir='ltr'>rege</span> 
     </span>
     <span class='ocr_line' id='line_1_79' title="bbox 939 4508 1732 4590; baseline -0.011 -13"><span class='ocrx_word' id='word_1_476' title='bbox 939 4517 1142 4578; x_wconf 83' lang='lat' dir='ltr'>Francorum</span> <span class='ocrx_word' id='word_1_477' title='bbox 1158 4514 1191 4574; x_wconf 90' lang='lat' dir='ltr'>et</span> <span class='ocrx_word' id='word_1_478' title='bbox 1205 4512 1346 4590; x_wconf 87' lang='lat' dir='ltr'>patricio</span> <span class='ocrx_word' id='word_1_479' title='bbox 1360 4514 1595 4578; x_wconf 83' lang='lat' dir='ltr'>Romanorum,</span> <span class='ocrx_word' id='word_1_480' title='bbox 1611 4508 1646 4568; x_wconf 91' lang='lat' dir='ltr'>ut</span> <span class='ocrx_word' id='word_1_481' title='bbox 1659 4522 1732 4583; x_wconf 90' lang='lat' dir='ltr'>pro-</span> 
     </span>
     <span class='ocr_line' id='line_1_80' title="bbox 939 4603 1734 4686; baseline -0.016 -10"><span class='ocrx_word' id='word_1_482' title='bbox 939 4613 1133 4676; x_wconf 89' lang='lat' dir='ltr'>missionem</span> <span class='ocrx_word' id='word_1_483' title='bbox 1148 4610 1253 4680; x_wconf 89' lang='lat' dir='ltr'>illam,</span> <span class='ocrx_word' id='word_1_484' title='bbox 1271 4623 1368 4686; x_wconf 89' lang='lat' dir='ltr'>quam</span> <span class='ocrx_word' id='word_1_485' title='bbox 1384 4610 1456 4684; x_wconf 86' lang='lat' dir='ltr'>ejus</span> <span class='ocrx_word' id='word_1_486' title='bbox 1471 4606 1602 4682; x_wconf 87' lang='lat' dir='ltr'>genitor</span> <span class='ocrx_word' id='word_1_487' title='bbox 1619 4603 1734 4680; x_wconf 91' lang='lat' dir='ltr'>Pippi·</span> 
     </span>
     <span class='ocr_line' id='line_1_81' title="bbox 938 4701 1734 4792; baseline -0.013 -20"><span class='ocrx_word' id='word_1_488' title='bbox 938 4728 1002 4792; x_wconf 88' lang='lat' dir='ltr'>nus</span> <span class='ocrx_word' id='word_1_489' title='bbox 1015 4709 1180 4788; x_wconf 90' lang='lat' dir='ltr'>quondam</span> <span class='ocrx_word' id='word_1_490' title='bbox 1195 4723 1266 4780; x_wconf 81' lang='lat' dir='ltr'>rex,</span> <span class='ocrx_word' id='word_1_491' title='bbox 1282 4707 1314 4767; x_wconf 92' lang='lat' dir='ltr'>et</span> <span class='ocrx_word' id='word_1_492' title='bbox 1328 4705 1399 4782; x_wconf 90' lang='lat' dir='ltr'>ipso</span> <span class='ocrx_word' id='word_1_493' title='bbox 1420 4701 1734 4782; x_wconf 77' lang='lat' dir='ltr'>praeexcellentissi-</span> 
     </span>
     <span class='ocr_line' id='line_1_82' title="bbox 939 4801 1730 4880; baseline -0.011 -11"><span class='ocrx_word' id='word_1_494' title='bbox 939 4825 1011 4870; x_wconf 91' lang='lat' dir='ltr'>mus</span> <span class='ocrx_word' id='word_1_495' title='bbox 1023 4807 1159 4869; x_wconf 90' lang='lat' dir='ltr'>Carolus</span> <span class='ocrx_word' id='word_1_496' title='bbox 1171 4822 1244 4870; x_wconf 87' lang='lat' dir='ltr'>cum</span> <span class='ocrx_word' id='word_1_497' title='bbox 1257 4821 1316 4866; x_wconf 91' lang='lat' dir='ltr'>suo</span> <span class='ocrx_word' id='word_1_498' title='bbox 1329 4817 1488 4880; x_wconf 88' lang='lat' dir='ltr'>germano</span> <span class='ocrx_word' id='word_1_499' title='bbox 1499 4801 1730 4872; x_wconf 67' lang='lat' dir='ltr'>carlomanno</span> 
     </span>
     <span class='ocr_line' id='line_1_83' title="bbox 938 4897 1735 4982; baseline -0.014 -14"><span class='ocrx_word' id='word_1_500' title='bbox 938 4909 1037 4982; x_wconf 91' lang='lat' dir='ltr'>atque</span> <span class='ocrx_word' id='word_1_501' title='bbox 1061 4903 1213 4966; x_wconf 89' lang='lat' dir='ltr'>omnibus</span> <span class='ocrx_word' id='word_1_502' title='bbox 1230 4901 1398 4979; x_wconf 89' lang='lat' dir='ltr'>judicibus</span> <span class='ocrx_word' id='word_1_503' title='bbox 1417 4903 1622 4961; x_wconf 90' lang='lat' dir='ltr'>Francorum</span> <span class='ocrx_word' id='word_1_504' title='bbox 1645 4897 1735 4958; x_wconf 85' lang='lat' dir='ltr'>lece-</span> 
     </span>
     <span class='ocr_line' id='line_1_84' title="bbox 938 4995 1733 5076; baseline -0.014 -10"><span class='ocrx_word' id='word_1_505' title='bbox 938 5005 1015 5066; x_wconf 89' lang='lat' dir='ltr'>rant</span> <span class='ocrx_word' id='word_1_506' title='bbox 1036 5003 1134 5064; x_wconf 90' lang='lat' dir='ltr'>beato</span> <span class='ocrx_word' id='word_1_507' title='bbox 1158 5003 1268 5073; x_wconf 89' lang='lat' dir='ltr'>Petro,</span> <span class='ocrx_word' id='word_1_508' title='bbox 1299 5000 1331 5062; x_wconf 91' lang='lat' dir='ltr'>et</span> <span class='ocrx_word' id='word_1_509' title='bbox 1355 5002 1426 5076; x_wconf 87' lang='lat' dir='ltr'>ejus</span> <span class='ocrx_word' id='word_1_510' title='bbox 1452 4997 1580 5059; x_wconf 88' lang='lat' dir='ltr'>vicario</span> <span class='ocrx_word' id='word_1_511' title='bbox 1610 4995 1733 5056; x_wconf 77' lang='lat' dir='ltr'>sanctae</span> 
     </span>
     <span class='ocr_line' id='line_1_85' title="bbox 939 5093 1731 5176; baseline -0.014 -12"><span class='ocrx_word' id='word_1_512' title='bbox 939 5101 1107 5164; x_wconf 84' lang='lat' dir='ltr'>memoriae</span> <span class='ocrx_word' id='word_1_513' title='bbox 1127 5100 1260 5164; x_wconf 88' lang='lat' dir='ltr'>domino</span> <span class='ocrx_word' id='word_1_514' title='bbox 1286 5098 1453 5176; x_wconf 85' lang='lat' dir='ltr'>Stephano</span> <span class='ocrx_word' id='word_1_515' title='bbox 1467 5093 1595 5175; x_wconf 87' lang='lat' dir='ltr'>juniori</span> <span class='ocrx_word' id='word_1_516' title='bbox 1619 5096 1731 5170; x_wconf 86' lang='lat' dir='ltr'>Papae,</span> 
     </span>
     <span class='ocr_line' id='line_1_86' title="bbox 938 5195 1735 5279; baseline -0.013 -16"><span class='ocrx_word' id='word_1_517' title='bbox 938 5201 1069 5279; x_wconf 92' lang='lat' dir='ltr'>quando</span> <span class='ocrx_word' id='word_1_518' title='bbox 1089 5199 1124 5261; x_wconf 93' lang='lat' dir='ltr'>in</span> <span class='ocrx_word' id='word_1_519' title='bbox 1145 5197 1320 5261; x_wconf 87' lang='lat' dir='ltr'>Franciam</span> <span class='ocrx_word' id='word_1_520' title='bbox 1351 5195 1509 5274; x_wconf 81' lang='lat' dir='ltr'>perrexit.</span> <span class='ocrx_word' id='word_1_521' title='bbox 1534 5208 1595 5272; x_wconf 90' lang='lat' dir='ltr'>pro</span> <span class='ocrx_word' id='word_1_522' title='bbox 1614 5207 1735 5254; x_wconf 75' lang='lat' dir='ltr'>conce-</span> 
     </span>
     <span class='ocr_line' id='line_1_87' title="bbox 938 5289 1732 5360; baseline -0.014 1"><span class='ocrx_word' id='word_1_523' title='bbox 938 5299 1054 5360; x_wconf 89' lang='lat' dir='ltr'>dendis</span> <span class='ocrx_word' id='word_1_524' title='bbox 1079 5296 1222 5359; x_wconf 89' lang='lat' dir='ltr'>diversis</span> <span class='ocrx_word' id='word_1_525' title='bbox 1256 5293 1446 5356; x_wconf 84' lang='lat' dir='ltr'>civitatibus</span> <span class='ocrx_word' id='word_1_526' title='bbox 1481 5307 1520 5354; x_wconf 91' lang='lat' dir='ltr'>ac</span> <span class='ocrx_word' id='word_1_527' title='bbox 1552 5289 1732 5353; x_wconf 90' lang='lat' dir='ltr'>territoriis</span> 
     </span>
    </p>
   </div>
   <div class='ocr_carea' id='block_1_13' title="bbox 77 5387 1734 5770">
    <p class='ocr_par' dir='ltr' id='par_1_15' title="bbox 77 5387 1734 5770">
     <span class='ocr_line' id='line_1_88' title="bbox 77 5387 1734 5483; baseline -0.014 -14"><span class='ocrx_word' id='word_1_528' title='bbox 77 5409 197 5470; x_wconf 90' lang='lat' dir='ltr'>nostra</span> <span class='ocrx_word' id='word_1_529' title='bbox 214 5404 419 5483; x_wconf 88' lang='lat' dir='ltr'>protectione</span> <span class='ocrx_word' id='word_1_530' title='bbox 434 5402 645 5480; x_wconf 85' lang='lat' dir='ltr'>suscipimus,</span> <span class='ocrx_word' id='word_1_531' title='bbox 662 5402 695 5464; x_wconf 94' lang='lat' dir='ltr'>et</span> <span class='ocrx_word' id='word_1_532' title='bbox 709 5401 883 5478; x_wconf 86' lang='lat' dir='ltr'>praesentis</span> <span class='ocrx_word' id='word_1_533' title='bbox 938 5397 1035 5458; x_wconf 89' lang='lat' dir='ltr'>istius</span> <span class='ocrx_word' id='word_1_534' title='bbox 1061 5395 1186 5456; x_wconf 82' lang='lat' dir='ltr'>ltalicae</span> <span class='ocrx_word' id='word_1_535' title='bbox 1214 5392 1405 5471; x_wconf 85' lang='lat' dir='ltr'>provinciae,</span> <span class='ocrx_word' id='word_1_536' title='bbox 1433 5391 1467 5451; x_wconf 92' lang='lat' dir='ltr'>et</span> <span class='ocrx_word' id='word_1_537' title='bbox 1499 5387 1734 5450; x_wconf 81' lang='lat' dir='ltr'>contradendis</span> 
     </span>
     <span class='ocr_line' id='line_1_89' title="bbox 77 5484 1732 5577; baseline -0.013 -13"><span class='ocrx_word' id='word_1_538' title='bbox 77 5499 197 5577; x_wconf 88' lang='lat' dir='ltr'>scripti</span> <span class='ocrx_word' id='word_1_539' title='bbox 218 5497 404 5576; x_wconf 89' lang='lat' dir='ltr'>patrocinio</span> <span class='ocrx_word' id='word_1_540' title='bbox 423 5495 676 5567; x_wconf 88' lang='lat' dir='ltr'>communimus,</span> <span class='ocrx_word' id='word_1_541' title='bbox 698 5494 883 5558; x_wconf 88' lang='lat' dir='ltr'>districtius</span> <span class='ocrx_word' id='word_1_542' title='bbox 937 5495 1034 5556; x_wconf 92' lang='lat' dir='ltr'>beato</span> <span class='ocrx_word' id='word_1_543' title='bbox 1055 5495 1166 5562; x_wconf 89' lang='lat' dir='ltr'>Petro,</span> <span class='ocrx_word' id='word_1_544' title='bbox 1189 5494 1326 5568; x_wconf 85' lang='lat' dir='ltr'>ejusque</span> <span class='ocrx_word' id='word_1_545' title='bbox 1352 5487 1504 5552; x_wconf 90' lang='lat' dir='ltr'>omnibus</span> <span class='ocrx_word' id='word_1_546' title='bbox 1527 5486 1675 5556; x_wconf 89' lang='lat' dir='ltr'>vicariis,</span> <span class='ocrx_word' id='word_1_547' title='bbox 1696 5484 1732 5552; x_wconf 85' lang='lat' dir='ltr'>in</span> 
     </span>
     <span class='ocr_line' id='line_1_90' title="bbox 78 5583 1734 5672; baseline -0.01 -12"><span class='ocrx_word' id='word_1_548' title='bbox 78 5597 283 5666; x_wconf 87' lang='lat' dir='ltr'>inhibentes,</span> <span class='ocrx_word' id='word_1_549' title='bbox 318 5612 361 5657; x_wconf 90' lang='lat' dir='ltr'>ne</span> <span class='ocrx_word' id='word_1_550' title='bbox 394 5593 595 5658; x_wconf 88' lang='lat' dir='ltr'>venerabilis</span> <span class='ocrx_word' id='word_1_551' title='bbox 629 5593 733 5656; x_wconf 85' lang='lat' dir='ltr'>trater</span> <span class='ocrx_word' id='word_1_552' title='bbox 769 5594 884 5656; x_wconf 90' lang='lat' dir='ltr'>noster</span> <span class='ocrx_word' id='word_1_553' title='bbox 938 5593 1130 5672; x_wconf 89' lang='lat' dir='ltr'>perpetuum</span> <span class='ocrx_word' id='word_1_554' title='bbox 1149 5588 1365 5667; x_wconf 73' lang='lat' dir='ltr'>possidendis</span> <span class='ocrx_word' id='word_1_555' title='bbox 1386 5585 1584 5664; x_wconf 85' lang='lat' dir='ltr'>adimpleret</span> <span class='ocrx_word' id='word_1_556' title='bbox 1606 5583 1641 5644; x_wconf 92' lang='lat' dir='ltr'>in</span> <span class='ocrx_word' id='word_1_557' title='bbox 1661 5598 1734 5644; x_wconf 89' lang='lat' dir='ltr'>om-</span> 
     </span>
     <span class='ocr_line' id='line_1_91' title="bbox 81 5679 1732 5770; baseline -0.008 -12"><span class='ocrx_word' id='word_1_558' title='bbox 81 5695 285 5760; x_wconf 81' lang='lat' dir='ltr'>Gnesnensis</span> <span class='ocrx_word' id='word_1_559' title='bbox 306 5691 621 5770; x_wconf 88' lang='lat' dir='ltr'>archiepiscopusin</span> <span class='ocrx_word' id='word_1_560' title='bbox 641 5690 881 5764; x_wconf 70' lang='lat' dir='ltr'>toneliensem</span> <span class='ocrx_word' id='word_1_561' title='bbox 938 5691 1045 5752; x_wconf 90' lang='lat' dir='ltr'>nibus.</span> <span class='ocrx_word' id='word_1_562' title='bbox 1075 5691 1245 5768; x_wconf 89' lang='lat' dir='ltr'>Quumque</span> <span class='ocrx_word' id='word_1_563' title='bbox 1279 5685 1386 5764; x_wconf 88' lang='lat' dir='ltr'>ipsam</span> <span class='ocrx_word' id='word_1_564' title='bbox 1413 5681 1666 5764; x_wconf 87' lang='lat' dir='ltr'>promissionem</span> <span class='ocrx_word' id='word_1_565' title='bbox 1696 5679 1732 5744; x_wconf 90' lang='lat' dir='ltr'>in</span> 
     </span>
    </p>
   </div>
   <div class='ocr_carea' id='block_1_14' title="bbox 0 0 1996 6292">
    <p class='ocr_par' dir='ltr' id='par_1_16' title="bbox 0 0 1996 6292">
     <span class='ocr_line' id='line_1_92' title="bbox 0 0 1996 6292; baseline 0 0"><span class='ocrx_word' id='word_1_566' title='bbox 0 0 1996 6292; x_wconf 95' lang='lat' dir='ltr'> </span> 
     </span>
    </p>
   </div>
  </div>
 </body>
</html>
