4066 6294
467 987 470 994 ,
716 791 974 964 oaoo
1012 781 1493 959 nonanus
1663 711 1667 718 ’

473 1286 858 1378 PRoLuooMuNn
893 1285 952 1376 IN
994 1284 1138 1376 HUNG
1175 1275 1400 1370 HONORII
1436 1269 1506 1367 ΙΙΙ
1542 1271 1748 1362 LIBRUM

694 1629 762 1714 [EX
783 1627 999 1694 MABILLON
1020 1629 1059 1688 M
1063 1625 1214 1689 USEUM
1231 1623 1337 1686 irbi..
1353 1622 1468 1684 TOME
1479 1616 1535 1698 IL]

985 1917 1247 1935 m

394 2258 423 2320 1.
446 2259 508 2318 DE
528 2257 680 2318 LIBRIS
699 2254 977 2350 marceamus.
1161 2253 1209 2315 II.
1224 2253 1461 2314 EXCERPTA
1484 2253 1549 2313 EX
1565 2251 1775 2313 EIUSDEM
1784 2251 1927 2310 MARI-

1140 2353 1292 2414 LIONIS
1320 2351 1644 2413 COMMENTARIO
1674 2349 1858 2410 PRAEVIO
1890 2348 1953 2409 IN

291 2447 373 2524 [llac
387 2449 522 2546 praelatus
551 2457 595 2508 est
621 2447 755 2508 liubillon
779 2448 809 2505 in
828 2447 917 2506 oltero
941 2444 1087 2506 volamine
1308 2450 1520 2511 ORDINEM
1541 2449 1778 2510 Romanum.

588 2544 835 2688 Maltahfu]
858 2674 898 2688 ,,
995 2673 998 2678 Α
1146 2665 1148 2670 .
1218 2617 1335 2674 litterum
1345 2617 1537 2674 Rommrororu
1553 2611 1854 2686 capaitiooccessoria.

328 2689 347 2733 c
369 2671 478 2734 Habes
495 2673 637 2735 alterum
653 2675 766 2735 Marsua
784 2673 897 2734 Ituttct
917 2670 1084 2744 volumen,

287 2788 306 2830 «
327 2769 362 2831 111
378 2787 442 2852 quo
454 2769 665 2832 continentur
676 2772 818 2844 Antiqui
829 2771 1088 2832 Librtltituutes
1183 2765 1289 2836 Quum
1298 2764 1447 2823 Romana
1460 2759 1610 2822 Ecclesia
1625 2758 1778 2832 aliarum,
1795 2757 1949 2820 maxime

288 2871 361 2930 «S.
390 2871 429 2930 it.
456 2871 496 2928 Ε.
531 2869 588 2944 qui
613 2871 751 2930 Ordinis
780 2869 928 2928 Rotnani
954 2866 1088 2927 nomine
1143 2859 1335 2931 occidentis,
1350 2859 1573 2920 Ecclesiarum
1589 2861 1705 2918 norma
1719 2855 1947 2919 sitetexem-

288 2982 306 3023 ‹<
329 2963 562 3042 comprehendi
576 2964 693 3025 solent.
707 2965 782 3024 Non
799 2963 943 3036 uno,sed
956 2963 1087 3025 diverso
1142 2957 1233 3036 plar,·
1245 2973 1311 3020 non
1324 2952 1445 3034 parum'
1458 2956 1598 3020 interest
1613 2955 1664 3017 rei
1681 2953 1821 3033 publicae
1842 2953 1949 3014 Chri-

151 3125 157 3144 ,
289 3077 307 3120 «
328 3061 475 3138 tempore
489 3061 604 3138 scripti
619 3061 695 3122 sunt
700 3078 711 3133 ,·
724 3060 873 3139 plerique
886 3059 975 3121 haud
990 3061 1088 3122 antea
1141 3056 1270 3128 atienae,
1285 3055 1321 3117 ut
1335 3055 1423 3116 sacri
1437 3054 1533 3126 ritus,
1547 3053 1669 3131 quibus
1684 3051 1726 3113 ab
1745 3050 1944 3112 1111110111]-

286 3155 525 3244 durlgatizet
537 3159 566 3218 si
580 3159 637 3236 qui
649 3161 719 3236 jam
738 3155 829 3230 editi,
849 3155 890 3221 ob
907 3173 1010 3220 novas
1028 3173 1088 3220 ec·
1142 3153 1228 3216 date
1251 3141 1423 3230 religionis
1457 3153 1561 3214 Deum
1599 3152 1665 3228 opt.
1701 3161 1797 3211 max.
1826 3149 1946 3220 coluit,

287 3255 498 3316 ¹«cessiones
511 3255 650 3318 etnotas
667 3239 911 3334 lric'quamdam
931 3255 1088 3319 nouitatis
1143 3251 1295 3313 omnibus
1319 3249 1443 3326 cogniti
1479 3265 1519 3311 ac
1542 3248 1706 3326 perspecti
1743 3246 1946 3308 habeantur.

290 3370 308 3412 ‹<
330 3352 471 3429 gratiam
486 3369 554 3431 prae
567 3370 603 3415 se
615 3353 736 3416 ferunt.
751 3355 871 3416 Omnes
888 3354 924 3415 ut
937 3353 973 3414 in
986 3369 1088 3415 unum
1143 3351 1301 3411 Proxima
1309 3349 1430 3426 quippe
1443 3347 1492 3410 est
1501 3347 1577 3408 fidei
1590 3345 1712 3408 dim'nae
1724 3345 1855 3421 religio,
1870 3361 1948 3422 quae
2018 3365 2019 3432 3

288 3463 308 3524 'c
330 3467 450 3529 corpus
469 3451 704 3528 redigeremus,
725 3452 893 3530 persuasit
917 3451 952 3512 in
971 3451 1088 3528 primis
1143 3447 1312 3526 quamilla
1328 3445 1483 3508 creditae
1496 3444 1645 3522 suspicit,
1660 3459 1849 3521 supremam
1870 3458 1948 3504 ma-
2018 3469 2019 3474 ¹

289 3565 308 3608 c
330 3549 513 3612 communis
521 3549 571 3611 rei
581 3547 721 3627 publicae
735 3549 932 3611 Christianae
944 3548 1086 3611 utilitas:
1139 3547 1294 3625 jestatem
1313 3545 1413 3606 certis
1430 3544 1536 3619 siguis
1560 3543 1593 3604 et
1616 3543 1825 3614 ceremoniis,
1851 3557 1947 3604 com-

289 3661 308 3705 «
331 3645 449 3706 deinde
470 3646 693 3708 studiosorum
716 3645 888 3707 bominum
913 3645 1087 3722 flagitatio,
1144 3645 1236 3705 muni
1249 3642 1389 3706 consilio
1401 3641 1572 3714 institutis,
1587 3641 1675 3713 colit,
1685 3641 1944 3718 veneraturque.

290 3760 309 3802 c
332 3742 387 3828 qui
405 3741 492 3804 banc
511 3743 738 3805 collectionem
754 3742 965 3819 jamdudum
984 3757 1090 3821 expe·
1145 3743 1183 3805 Et
1195 3741 1470 3820 quemadmodum
1493 3743 1677 3803 aRomana
1696 3739 1844 3802 Ecclesia
1867 3738 1948 3800 fldei

291 3856 310 3900 c
330 3838 454 3912 iebant,
468 3839 535 3901 rati
546 3839 708 3917 ejusmodi
716 3839 947 3902 librisrecludi
958 3856 1025 3902 non
1035 3843 1090 3920 je-
1146 3857 1216 3904 suae
1229 3840 1391 3917 originem
1410 3839 1562 3916 repetunt
1578 3838 1755 3916 pleraeque,
1777 3853 1819 3896 ne
1834 3836 1948 3897 dicam

292 3953 310 3995 «
327 3938 445 4013 jonam
461 3936 590 3999 tantum
611 3937 644 3999 et
667 3937 790 3999 exilem
815 3938 1090 4000 caeremoniarum
1145 3953 1270 4011 omnes,
1292 3937 1473 4000 occidentis
1488 3936 1646 3999 Ecclesiae
1671 3957 1679 3996 ε
1702 3935 1751 3997 sic
1772 3935 1874 3996 etiam
1899 3933 1943 3995 ab

292 4051 310 4094 t<
332 4033 494 4108 notitiam,
505 4033 1093 4114 sedecclesiasticaedisciplinaeprae-
1145 4037 1261 4100 eadem
1273 4037 1406 4098 modum
1424 4053 1463 4098 ac
1480 4035 1620 4096 formam
1637 4033 1743 4096 divini
1761 4033 1871 4095 cultus
1884 4032 1947 4094 de-

281 4149 310 4226 x«
332 4133 457 4194 claram
470 4133 707 4209 cognitionem
723 4134 825 4196 immo
841 4133 1019 4214 aliquando
1032 4149 1091 4196 sa·
1144 4135 1250 4198 rivari
1271 4151 1332 4212 par
1350 4135 1412 4196 est.
1439 4135 1535 4196 Certe
1561 4133 1635 4195 cum
1659 4131 1771 4194 animo
1796 4130 1946 4206 recogito
2018 4133 2019 4142 ’

291 4248 309 4310 c
331 4247 463 4294 crorum
476 4229 666 4308 dogmatum
681 4231 948 4296 illustrationem.
1145 4235 1258 4296 varios
1280 4234 1375 4306 rituS,
1397 4249 1480 4311 quos
1500 4233 1536 4294 in
1556 4230 1734 4310 praecipuis
1761 4229 1946 4293 Galliarum

330 4347 349 4390 c
370 4334 493 4393 Verum
506 4330 577 4394 haec
589 4331 691 4393 editio
704 4347 765 4393 nec
772 4332 808 4393 in
821 4331 909 4395 Urbe
922 4333 1091 4394 commode
1145 4332 1305 4396 Ecclesiis
1322 4334 1485 4410 majorum
1499 4332 1687 4392 nostrorum
1708 4329 1814 4408 pietas
1842 4327 1946 4389 insti-

283 4444 311 4486 'c
332 4426 506 4504 procurari
519 4429 658 4504 poterat,
674 4444 734 4489 nec
747 4428 825 4489 libri
840 4428 904 4504 ipsi
922 4431 1017 4490 extra
1031 4445 1090 4489 ur·
1144 4433 1219 4506 tuit,
1234 4432 1332 4510 atque
1351 4429 1512 4494 hactenus
1533 4427 1680 4490 illibatos
1696 4427 1738 4489 ad
1757 4443 1819 4489 nos
1838 4439 1946 4504 usquo

291 4523 516 4588 chemlacile
536 4524 717 4603 exportari.
740 4525 804 4587 Sed
821 4524 1010 4598 tandemut
1035 4541 1092 4587 eos
1146 4547 1266 4606 magna
1287 4546 1330 4591 ex
1357 4529 1451 4607 parte
1473 4526 1659 4590 transmisit
1686 4547 1694 4586 ι
1720 4525 1835 4587 ridere
1861 4523 1946 4585 mihi

292 4638 310 4680 a
331 4621 597 4697 impetraremus,
618 4623 718 4686 aucit
735 4623 919 4686 amicorum
936 4621 1093 4685 humani·
1145 4628 1262 4688 videor
1271 4627 1446 4703 quamdam
1457 4628 1680 4686 Romanorum
1691 4624 1814 4685 rituum
1824 4622 1948 4698 imagi-

293 4716 497 4778 «tassimul
516 4719 550 4778 et
575 4719 914 4800 auctoritas=q1nbus
932 4737 1092 4801 perspec-
1146 4739 1233 4795 nem,
1268 4722 1400 4800 qualem
1439 4721 1566 4784 scilicet
1595 4722 1631 4785 in
1669 4721 1816 4800 antiquis
1850 4719 1946 4781 libris

289 4813 311 4874 'c
332 4812 402 4875 tum
422 4814 473 4875 est
487 4813 550 4875 hac
564 4814 709 4878 editione
721 4833 788 4878 non
801 4819 969 4881 extraneis
982 4819 1090 4892 modo,
1147 4819 1452 4883 animadvertimus.

293 4909 391 4973 «scd
409 4911 442 4973 et
458 4914 617 4974 Romanae
641 4913 799 4977 Ecclesia
822 4907 1015 4979 consultum·
1035 4917 1090 4979 iri.
1186 4921 1261 4981 Non
1289 4917 1454 4979 immerito
1482 4916 1595 4994 itaque
1622 4917 1760 4994 viri-pii
1785 4931 1824 4978 ac
1857 4913 1945 4977 docti

292 5026 312 5068 c
333 5007 403 5070 Etsi
415 5008 504 5070 enim
516 5009 669 5071 nonnulli
683 5009 718 5073 iu
731 5011 780 5073 eis
796 5012 881 5074 ritus
895 5016 966 5090 jam
978 5014 1013 5075 in
1029 5014 1091 5076 de·
1148 5015 1249 5098 (quod
1268 5015 1396 5077 notavit
1418 5013 1656 5094 cassander).‹
1672 5013 1837 5091 judicant,
1860 5013 1946 5074 nibil
2018 5035 2019 5038 ¹

293 5123 311 5167 c
333 5106 540 5168 suetudinem
554 5105 722 5182 abierunt;
741 5124 855 5171 omnes
869 5109 980 5172 tamen
993 5127 1092 5174 nosse
1146 5133 1165 5175 «
1181 5115 1244 5175 boc
1262 5114 1297 5174 in
1311 5127 1434 5190 genere
1448 5112 1661 5190 praestantius
1672 5111 1818 5174 inveniri
1835 5126 1943 5189 posse,

293 5219 312 5261 c
333 5203 481 5276 interest,
498 5203 606 5266 sinon
619 5204 660 5266 ad
679 5205 929 5279 restituendam,
948 5209 1092 5272 certead
1146 5230 1166 5272 c
1187 5227 1286 5291 quam
1313 5211 1423 5288 ipsum
1452 5209 1594 5273 Romani
1622 5209 1755 5270 Ordinis
1782 5207 1942 5281 libellum,

293 5316 312 5360 c
332 5299 565 5363 illustrandam
574 5303 814 5382 antiquitatem.
824 5307 874 5366 An
883 5303 1024 5383 publicis
1032 5323 1093 5370 ro-
1146 5329 1165 5372 a
1187 5325 1285 5389 quem
1300 5324 1414 5371 omnes
1433 5307 1489 5387 qui
1508 5308 1549 5370 de
1567 5307 1804 5370 ecclesiasticis
1825 5305 1944 5368 ritibus

293 5397 376 5460 «tis
400 5414 600 5478 responsura
626 5401 670 5464 sit
681 5403 795 5465 nostra
821 5402 940 5476 editio,
971 5403 1091 5467 incerti
1146 5409 1220 5470 ‹et
1248 5407 1368 5474 officiis
1387 5405 1509 5469 divinis
1535 5406 1760 5484 scripserunt,
1787 5407 1943 5482 tanquam

293 5513 313 5556 c
334 5512 476 5558 sumus:
504 5498 646 5561 atcerte
668 5498 764 5562 nobis
783 5499 1001 5577 diligentiam,
1027 5519 1091 5580 quo
1145 5525 1165 5567 c
1186 5503 1369 5584 principem
1388 5507 1420 5566 et
1432 5505 1531 5582 caput
1547 5502 1742 5580 agnoscunt,
1762 5517 1944 5564 summam-

293 5594 443 5656 «minus
477 5595 511 5656 id
545 5609 818 5675 assequeremur,
852 5613 919 5662 non
946 5599 1096 5683 defuissew
1146 5615 1251 5678 «qne
1265 5599 1297 5660 ei
1314 5599 1545 5661 auctoritatem
1562 5597 1715 5660 deserunt
1728 5618 1735 5658 ε
1750 5597 1799 5658 sic
1817 5599 1852 5658 ut
1871 5612 1943 5658 om·

295 5709 314 5752 ‹<
335 5691 626 5757 bauddildtemur.
649 5711 668 5756 »
1148 5697 1244 5760 «nia
1258 5699 1331 5776 ejus
1351 5696 1484 5775 generis
1506 5695 1630 5774 scripta
1647 5693 1733 5757 nibil
1751 5693 1843 5758 aliud
1867 5694 1920 5768 sin
