<?xml version="1.0" encoding="UTF-8"?>
<!DOCTYPE html PUBLIC "-//W3C//DTD XHTML 1.0 Transitional//EN"
    "http://www.w3.org/TR/xhtml1/DTD/xhtml1-transitional.dtd">
<html xmlns="http://www.w3.org/1999/xhtml" xml:lang="en" lang="en">
 <head>
  <title>
</title>
<meta http-equiv="Content-Type" content="text/html;charset=utf-8" />
  <meta name='ocr-system' content='tesseract 3.04.00' />
  <meta name='ocr-capabilities' content='ocr_page ocr_carea ocr_par ocr_line ocrx_word'/>
</head>
<body>
  <div class='ocr_page' id='page_1' title='image "./mediiaevibiblio03unkngoog_0355.png"; bbox 0 0 3968 6296; ppageno 0'>
   <div class='ocr_carea' id='block_1_1' title="bbox 258 339 1921 408">
    <p class='ocr_par' dir='ltr' id='par_1_1' title="bbox 258 339 1921 408">
     <span class='ocr_line' id='line_1_1' title="bbox 258 339 1921 408; baseline 0 0"><span class='ocrx_word' id='word_1_1' title='bbox 258 347 319 408; x_wconf 80' lang='lat'><strong>627</strong></span> <span class='ocrx_word' id='word_1_2' title='bbox 725 343 903 407; x_wconf 86' lang='lat' dir='ltr'><strong>HONORII</strong></span> <span class='ocrx_word' id='word_1_3' title='bbox 924 343 971 406; x_wconf 90' lang='grc' dir='ltr'><strong>ΙΙΙ</strong></span> <span class='ocrx_word' id='word_1_4' title='bbox 991 343 1140 408; x_wconf 81' lang='lat' dir='ltr'><strong>OPERA.</strong></span> <span class='ocrx_word' id='word_1_5' title='bbox 1158 372 1196 386; x_wconf 96' lang='lat'>-</span> <span class='ocrx_word' id='word_1_6' title='bbox 1213 339 1447 404; x_wconf 82' lang='lat' dir='ltr'><strong>SERMONES.</strong></span> <span class='ocrx_word' id='word_1_7' title='bbox 1850 345 1921 408; x_wconf 75' lang='lat'><strong>628</strong></span> 
     </span>
    </p>
   </div>
   <div class='ocr_carea' id='block_1_2' title="bbox 259 503 1924 3325">
    <p class='ocr_par' dir='ltr' id='par_1_2' title="bbox 259 503 1924 3325">
     <span class='ocr_line' id='line_1_2' title="bbox 260 503 1918 584; baseline -0.001 -15"><span class='ocrx_word' id='word_1_8' title='bbox 260 504 356 570; x_wconf 88' lang='lat' dir='ltr'><strong>Unde</strong></span> <span class='ocrx_word' id='word_1_9' title='bbox 365 505 397 569; x_wconf 89' lang='lat' dir='ltr'><strong>el</strong></span> <span class='ocrx_word' id='word_1_10' title='bbox 410 505 542 577; x_wconf 88' lang='lat' dir='ltr'><strong>dicitur,</strong></span> <span class='ocrx_word' id='word_1_11' title='bbox 552 504 638 584; x_wconf 87' lang='lat' dir='ltr'><strong>quod</strong></span> <span class='ocrx_word' id='word_1_12' title='bbox 648 504 764 567; x_wconf 90' lang='lat' dir='ltr'><strong>redeat</strong></span> <span class='ocrx_word' id='word_1_13' title='bbox 773 505 814 567; x_wconf 89' lang='lat' dir='ltr'><strong>ad</strong></span> <span class='ocrx_word' id='word_1_14' title='bbox 826 504 937 584; x_wconf 88' lang='lat' dir='ltr'><strong>priora</strong></span> <span class='ocrx_word' id='word_1_15' title='bbox 946 521 1057 583; x_wconf 85' lang='lat' dir='ltr'><strong>opera,</strong></span> <span class='ocrx_word' id='word_1_16' title='bbox 1114 503 1303 576; x_wconf 79' lang='lat' dir='ltr'><strong>monodia</strong></span> <span class='ocrx_word' id='word_1_17' title='bbox 1327 503 1384 582; x_wconf 83' lang='lat' dir='ltr'><strong>qui</strong></span> <span class='ocrx_word' id='word_1_18' title='bbox 1407 503 1568 567; x_wconf 83' lang='lat' dir='ltr'><strong>venturus</strong></span> <span class='ocrx_word' id='word_1_19' title='bbox 1588 505 1640 568; x_wconf 88' lang='lat' dir='ltr'><strong>est</strong></span> <span class='ocrx_word' id='word_1_20' title='bbox 1661 505 1773 569; x_wconf 84' lang='lat' dir='ltr'><strong>veniet</strong></span> <span class='ocrx_word' id='word_1_21' title='bbox 1788 507 1822 569; x_wconf 92' lang='lat' dir='ltr'><strong>et</strong></span> <span class='ocrx_word' id='word_1_22' title='bbox 1844 521 1918 570; x_wconf 90' lang='lat' dir='ltr'><strong>non</strong></span> 
     </span>
     <span class='ocr_line' id='line_1_3' title="bbox 260 601 1782 684; baseline -0.006 -16"><span class='ocrx_word' id='word_1_23' title='bbox 260 605 294 668; x_wconf 86' lang='lat' dir='ltr'><strong>et</strong></span> <span class='ocrx_word' id='word_1_24' title='bbox 308 607 386 684; x_wconf 82' lang='lat' dir='ltr'><strong>agat</strong></span> <span class='ocrx_word' id='word_1_25' title='bbox 402 605 643 684; x_wconf 71' lang='lat' dir='ltr'><strong>paenitentiam.</strong></span> <span class='ocrx_word' id='word_1_26' title='bbox 665 603 724 668; x_wconf 90' lang='lat' dir='ltr'><strong>Sin</strong></span> <span class='ocrx_word' id='word_1_27' title='bbox 743 603 855 666; x_wconf 91' lang='lat' dir='ltr'><strong>autem</strong></span> <span class='ocrx_word' id='word_1_28' title='bbox 869 603 981 678; x_wconf 85' lang='lat' dir='ltr'><strong>veniet</strong></span> <span class='ocrx_word' id='word_1_29' title='bbox 994 606 1061 684; x_wconf 79' lang='lat' dir='ltr'><strong>Dc-</strong></span> <span class='ocrx_word' id='word_1_30' title='bbox 1113 601 1299 666; x_wconf 76' lang='lat' dir='ltr'><strong>tardabit.»</strong></span> <span class='ocrx_word' id='word_1_31' title='bbox 1316 608 1320 613; x_wconf 77' lang='grc'>·</span> <span class='ocrx_word' id='word_1_32' title='bbox 1778 641 1782 649; x_wconf 70' lang='lat'><strong>.</strong></span> 
     </span>
     <span class='ocr_line' id='line_1_4' title="bbox 260 700 1921 781; baseline -0.001 -16"><span class='ocrx_word' id='word_1_33' title='bbox 260 704 371 766; x_wconf 90' lang='lat' dir='ltr'><strong>minus</strong></span> <span class='ocrx_word' id='word_1_34' title='bbox 384 703 425 766; x_wconf 90' lang='lat' dir='ltr'><strong>ad</strong></span> <span class='ocrx_word' id='word_1_35' title='bbox 438 703 652 781; x_wconf 89' lang='lat' dir='ltr'><strong>puniendum,</strong></span> <span class='ocrx_word' id='word_1_36' title='bbox 665 703 698 764; x_wconf 90' lang='lat' dir='ltr'><strong>et</strong></span> <span class='ocrx_word' id='word_1_37' title='bbox 712 701 858 765; x_wconf 92' lang='lat' dir='ltr'><strong>movebit</strong></span> <span class='ocrx_word' id='word_1_38' title='bbox 870 716 931 780; x_wconf 90' lang='lat' dir='ltr'><strong>per</strong></span> <span class='ocrx_word' id='word_1_39' title='bbox 944 715 1060 780; x_wconf 86' lang='lat' dir='ltr'><strong>poenas</strong></span> <span class='ocrx_word' id='word_1_40' title='bbox 1155 700 1302 773; x_wconf 87' lang='lat' dir='ltr'><strong>Quatuor</strong></span> <span class='ocrx_word' id='word_1_41' title='bbox 1320 700 1427 763; x_wconf 88' lang='lat' dir='ltr'><strong>modis</strong></span> <span class='ocrx_word' id='word_1_42' title='bbox 1446 701 1605 764; x_wconf 84' lang='lat' dir='ltr'><strong>Dominus</strong></span> <span class='ocrx_word' id='word_1_43' title='bbox 1624 700 1726 764; x_wconf 87' lang='lat' dir='ltr'><strong>venit.</strong></span> <span class='ocrx_word' id='word_1_44' title='bbox 1749 701 1865 764; x_wconf 90' lang='lat' dir='ltr'><strong>Primo</strong></span> <span class='ocrx_word' id='word_1_45' title='bbox 1883 703 1921 764; x_wconf 88' lang='lat' dir='ltr'><strong>et</strong></span> 
     </span>
     <span class='ocr_line' id='line_1_5' title="bbox 261 798 1919 874; baseline -0.001 -10"><span class='ocrx_word' id='word_1_46' title='bbox 261 802 295 865; x_wconf 85' lang='lat' dir='ltr'><strong>et</strong></span> <span class='ocrx_word' id='word_1_47' title='bbox 316 801 547 864; x_wconf 82' lang='lat' dir='ltr'><strong>tribulationes</strong></span> <span class='ocrx_word' id='word_1_48' title='bbox 567 800 813 873; x_wconf 89' lang='lat' dir='ltr'><strong>candelabrum,</strong></span> <span class='ocrx_word' id='word_1_49' title='bbox 834 799 932 874; x_wconf 89' lang='lat' dir='ltr'><strong>idest,</strong></span> <span class='ocrx_word' id='word_1_50' title='bbox 947 799 1059 861; x_wconf 89' lang='lat' dir='ltr'><strong>eccle·</strong></span> <span class='ocrx_word' id='word_1_51' title='bbox 1114 798 1231 860; x_wconf 92' lang='lat' dir='ltr'><strong>ultimo</strong></span> <span class='ocrx_word' id='word_1_52' title='bbox 1250 798 1341 860; x_wconf 89' lang='lat' dir='ltr'><strong>venit</strong></span> <span class='ocrx_word' id='word_1_53' title='bbox 1355 799 1457 860; x_wconf 86' lang='lat' dir='ltr'><strong>semel</strong></span> <span class='ocrx_word' id='word_1_54' title='bbox 1479 818 1487 860; x_wconf 74' lang='grc' dir='ltr'><strong><em>ε</em></strong></span> <span class='ocrx_word' id='word_1_55' title='bbox 1509 799 1654 862; x_wconf 86' lang='lat' dir='ltr'><strong>secundo</strong></span> <span class='ocrx_word' id='word_1_56' title='bbox 1674 801 1707 862; x_wconf 88' lang='lat' dir='ltr'><strong>et</strong></span> <span class='ocrx_word' id='word_1_57' title='bbox 1727 799 1828 864; x_wconf 86' lang='lat' dir='ltr'><strong>tertio</strong></span> <span class='ocrx_word' id='word_1_58' title='bbox 1847 815 1919 862; x_wconf 81' lang='lat' dir='ltr'><strong>ve-</strong></span> 
     </span>
     <span class='ocr_line' id='line_1_6' title="bbox 260 893 1921 978; baseline -0.001 -18"><span class='ocrx_word' id='word_1_59' title='bbox 260 900 346 961; x_wconf 86' lang='lat' dir='ltr'><strong>stam</strong></span> <span class='ocrx_word' id='word_1_60' title='bbox 360 915 454 962; x_wconf 89' lang='lat' dir='ltr'><strong>suam</strong></span> <span class='ocrx_word' id='word_1_61' title='bbox 476 915 575 978; x_wconf 88' lang='lat' dir='ltr'><strong>quam</strong></span> <span class='ocrx_word' id='word_1_62' title='bbox 596 899 730 962; x_wconf 79' lang='lat' dir='ltr'><strong>cederat</strong></span> <span class='ocrx_word' id='word_1_63' title='bbox 750 899 783 960; x_wconf 91' lang='lat' dir='ltr'><strong>ei</strong></span> <span class='ocrx_word' id='word_1_64' title='bbox 801 896 993 975; x_wconf 82' lang='lat' dir='ltr'><strong>regendam,</strong></span> <span class='ocrx_word' id='word_1_65' title='bbox 1006 896 1059 961; x_wconf 87' lang='lat' dir='ltr'><strong>vel</strong></span> <span class='ocrx_word' id='word_1_66' title='bbox 1114 893 1164 956; x_wconf 93' lang='lat' dir='ltr'><strong>uit</strong></span> <span class='ocrx_word' id='word_1_67' title='bbox 1184 909 1283 972; x_wconf 85' lang='lat' dir='ltr'><strong>saepe.</strong></span> <span class='ocrx_word' id='word_1_68' title='bbox 1306 893 1419 956; x_wconf 91' lang='lat' dir='ltr'><strong>Primo</strong></span> <span class='ocrx_word' id='word_1_69' title='bbox 1439 895 1532 958; x_wconf 85' lang='lat' dir='ltr'><strong>venit</strong></span> <span class='ocrx_word' id='word_1_70' title='bbox 1549 895 1767 958; x_wconf 89' lang='lat' dir='ltr'><strong>inmundum</strong></span> <span class='ocrx_word' id='word_1_71' title='bbox 1788 895 1832 958; x_wconf 91' lang='lat' dir='ltr'><strong>ad</strong></span> <span class='ocrx_word' id='word_1_72' title='bbox 1856 911 1921 958; x_wconf 88' lang='lat' dir='ltr'><strong>re-</strong></span> 
     </span>
     <span class='ocr_line' id='line_1_7' title="bbox 259 991 1920 1075; baseline -0.004 -15"><span class='ocrx_word' id='word_1_73' title='bbox 259 996 441 1075; x_wconf 89' lang='lat' dir='ltr'><strong>petentiam</strong></span> <span class='ocrx_word' id='word_1_74' title='bbox 466 998 537 1060; x_wconf 90' lang='lat' dir='ltr'><strong>sive</strong></span> <span class='ocrx_word' id='word_1_75' title='bbox 556 997 750 1074; x_wconf 82' lang='lat' dir='ltr'><strong>dignitatem</strong></span> <span class='ocrx_word' id='word_1_76' title='bbox 772 996 813 1058; x_wconf 92' lang='lat' dir='ltr'><strong>de</strong></span> <span class='ocrx_word' id='word_1_77' title='bbox 832 996 906 1058; x_wconf 93' lang='lat' dir='ltr'><strong>loco</strong></span> <span class='ocrx_word' id='word_1_78' title='bbox 924 1011 997 1068; x_wconf 88' lang='lat' dir='ltr'><strong>suo,</strong></span> <span class='ocrx_word' id='word_1_79' title='bbox 1018 1009 1060 1056; x_wconf 90' lang='lat' dir='ltr'><strong>ne</strong></span> <span class='ocrx_word' id='word_1_80' title='bbox 1115 991 1346 1069; x_wconf 82' lang='lat' dir='ltr'><strong>demptionem.</strong></span> <span class='ocrx_word' id='word_1_81' title='bbox 1363 991 1486 1056; x_wconf 90' lang='lat' dir='ltr'><strong>Ultimo</strong></span> <span class='ocrx_word' id='word_1_82' title='bbox 1500 993 1612 1056; x_wconf 88' lang='lat' dir='ltr'><strong>veniet</strong></span> <span class='ocrx_word' id='word_1_83' title='bbox 1630 993 1666 1055; x_wconf 96' lang='lat' dir='ltr'><strong>in</strong></span> <span class='ocrx_word' id='word_1_84' title='bbox 1681 993 1847 1072; x_wconf 86' lang='lat' dir='ltr'><strong>judicium</strong></span> <span class='ocrx_word' id='word_1_85' title='bbox 1870 993 1920 1056; x_wconf 90' lang='lat' dir='ltr'><strong>ad</strong></span> 
     </span>
     <span class='ocr_line' id='line_1_8' title="bbox 260 1089 1921 1174; baseline -0.002 -18"><span class='ocrx_word' id='word_1_86' title='bbox 260 1094 403 1172; x_wconf 89' lang='lat' dir='ltr'><strong>amplius</strong></span> <span class='ocrx_word' id='word_1_87' title='bbox 420 1095 542 1158; x_wconf 90' lang='lat' dir='ltr'><strong>habeat</strong></span> <span class='ocrx_word' id='word_1_88' title='bbox 556 1096 699 1174; x_wconf 89' lang='lat' dir='ltr'><strong>quietem</strong></span> <span class='ocrx_word' id='word_1_89' title='bbox 720 1095 756 1156; x_wconf 90' lang='lat' dir='ltr'><strong>in</strong></span> <span class='ocrx_word' id='word_1_90' title='bbox 777 1092 970 1156; x_wconf 83' lang='lat' dir='ltr'><strong>honoravel</strong></span> <span class='ocrx_word' id='word_1_91' title='bbox 987 1092 1061 1168; x_wconf 82' lang='lat' dir='ltr'><strong>dig·</strong></span> <span class='ocrx_word' id='word_1_92' title='bbox 1113 1089 1376 1153; x_wconf 84' lang='lat' dir='ltr'><strong>retributionem.</strong></span> <span class='ocrx_word' id='word_1_93' title='bbox 1404 1091 1556 1154; x_wconf 89' lang='lat' dir='ltr'><strong>Secundo</strong></span> <span class='ocrx_word' id='word_1_94' title='bbox 1583 1091 1676 1156; x_wconf 86' lang='lat' dir='ltr'><strong>venit</strong></span> <span class='ocrx_word' id='word_1_95' title='bbox 1702 1091 1738 1154; x_wconf 92' lang='lat' dir='ltr'><strong>in</strong></span> <span class='ocrx_word' id='word_1_96' title='bbox 1764 1092 1921 1154; x_wconf 88' lang='lat' dir='ltr'><strong>mentem</strong></span> 
     </span>
     <span class='ocr_line' id='line_1_9' title="bbox 259 1179 1922 1272; baseline -0.002 -18"><span class='ocrx_word' id='word_1_97' title='bbox 259 1193 364 1255; x_wconf 87' lang='lat' dir='ltr'><strong>nitate</strong></span> <span class='ocrx_word' id='word_1_98' title='bbox 376 1195 409 1255; x_wconf 90' lang='lat' dir='ltr'><strong>et</strong></span> <span class='ocrx_word' id='word_1_99' title='bbox 421 1193 568 1272; x_wconf 90' lang='lat' dir='ltr'><strong>potentia</strong></span> <span class='ocrx_word' id='word_1_100' title='bbox 581 1210 652 1255; x_wconf 89' lang='lat' dir='ltr'><strong>sua.</strong></span> <span class='ocrx_word' id='word_1_101' title='bbox 671 1194 711 1256; x_wconf 84' lang='lat' dir='ltr'><strong>Et</strong></span> <span class='ocrx_word' id='word_1_102' title='bbox 722 1191 807 1265; x_wconf 90' lang='lat' dir='ltr'><strong>ideo,</strong></span> <span class='ocrx_word' id='word_1_103' title='bbox 825 1179 1001 1263; x_wconf 79' lang='lat' dir='ltr'><strong>carissimi,</strong></span> <span class='ocrx_word' id='word_1_104' title='bbox 1017 1205 1059 1250; x_wconf 90' lang='lat' dir='ltr'><strong>ne</strong></span> <span class='ocrx_word' id='word_1_105' title='bbox 1114 1188 1156 1249; x_wconf 88' lang='lat' dir='ltr'><strong>ad</strong></span> <span class='ocrx_word' id='word_1_106' title='bbox 1178 1188 1487 1252; x_wconf 82' lang='lat' dir='ltr'><strong>sanctificationem.</strong></span> <span class='ocrx_word' id='word_1_107' title='bbox 1515 1189 1626 1252; x_wconf 81' lang='lat' dir='ltr'><strong>Tertio</strong></span> <span class='ocrx_word' id='word_1_108' title='bbox 1653 1189 1803 1252; x_wconf 87' lang='lat' dir='ltr'><strong>venitin</strong></span> <span class='ocrx_word' id='word_1_109' title='bbox 1832 1205 1922 1250; x_wconf 89' lang='lat' dir='ltr'><strong>car-</strong></span> 
     </span>
     <span class='ocr_line' id='line_1_10' title="bbox 259 1286 1922 1369; baseline -0.002 -18"><span class='ocrx_word' id='word_1_110' title='bbox 259 1291 420 1352; x_wconf 86' lang='lat' dir='ltr'><strong>Dominns</strong></span> <span class='ocrx_word' id='word_1_111' title='bbox 435 1291 518 1354; x_wconf 88' lang='lat' dir='ltr'><strong>adeo</strong></span> <span class='ocrx_word' id='word_1_112' title='bbox 534 1291 615 1353; x_wconf 89' lang='lat' dir='ltr'><strong>dure</strong></span> <span class='ocrx_word' id='word_1_113' title='bbox 630 1291 745 1369; x_wconf 91' lang='lat' dir='ltr'><strong>puniat</strong></span> <span class='ocrx_word' id='word_1_114' title='bbox 764 1292 797 1352; x_wconf 91' lang='lat' dir='ltr'><strong>et</strong></span> <span class='ocrx_word' id='word_1_115' title='bbox 811 1287 981 1367; x_wconf 89' lang='lat' dir='ltr'><strong>perturbet</strong></span> <span class='ocrx_word' id='word_1_116' title='bbox 998 1303 1059 1349; x_wconf 91' lang='lat' dir='ltr'><strong>nos</strong></span> <span class='ocrx_word' id='word_1_117' title='bbox 1114 1301 1191 1348; x_wconf 92' lang='lat' dir='ltr'><strong>nem</strong></span> <span class='ocrx_word' id='word_1_118' title='bbox 1214 1287 1255 1348; x_wconf 90' lang='lat' dir='ltr'><strong>ad</strong></span> <span class='ocrx_word' id='word_1_119' title='bbox 1280 1286 1543 1350; x_wconf 89' lang='lat' dir='ltr'><strong>dissolutionem.</strong></span> <span class='ocrx_word' id='word_1_120' title='bbox 1570 1291 1617 1350; x_wconf 93' lang='lat' dir='ltr'><strong>De</strong></span> <span class='ocrx_word' id='word_1_121' title='bbox 1640 1289 1748 1368; x_wconf 90' lang='lat' dir='ltr'><strong>primo</strong></span> <span class='ocrx_word' id='word_1_122' title='bbox 1768 1308 1777 1348; x_wconf 72' lang='grc' dir='ltr'><strong>ε</strong></span> <span class='ocrx_word' id='word_1_123' title='bbox 1800 1289 1922 1350; x_wconf 71' lang='lat' dir='ltr'><strong>Ewioi</strong></span> 
     </span>
     <span class='ocr_line' id='line_1_11' title="bbox 260 1384 1920 1468; baseline -0.002 -18"><span class='ocrx_word' id='word_1_124' title='bbox 260 1388 297 1450; x_wconf 89' lang='lat' dir='ltr'><strong>in</strong></span> <span class='ocrx_word' id='word_1_125' title='bbox 310 1390 418 1468; x_wconf 90' lang='lat' dir='ltr'><strong>poenis</strong></span> <span class='ocrx_word' id='word_1_126' title='bbox 440 1388 540 1468; x_wconf 88' lang='lat' dir='ltr'><strong>hujus</strong></span> <span class='ocrx_word' id='word_1_127' title='bbox 562 1389 687 1462; x_wconf 88' lang='lat' dir='ltr'><strong>saeculi,</strong></span> <span class='ocrx_word' id='word_1_128' title='bbox 703 1405 776 1466; x_wconf 87' lang='lat' dir='ltr'><strong>quae</strong></span> <span class='ocrx_word' id='word_1_129' title='bbox 791 1388 903 1451; x_wconf 83' lang='lat' dir='ltr'><strong>forsan</strong></span> <span class='ocrx_word' id='word_1_130' title='bbox 925 1385 1060 1464; x_wconf 84' lang='lat' dir='ltr'><strong>possent</strong></span> <span class='ocrx_word' id='word_1_131' title='bbox 1114 1384 1277 1458; x_wconf 83' lang='lat' dir='ltr'><strong>oPctrc,</strong></span> <span class='ocrx_word' id='word_1_132' title='bbox 1301 1386 1335 1446; x_wconf 91' lang='lat' dir='ltr'><strong>et</strong></span> <span class='ocrx_word' id='word_1_133' title='bbox 1353 1387 1433 1447; x_wconf 86' lang='lat' dir='ltr'><strong>oeni</strong></span> <span class='ocrx_word' id='word_1_134' title='bbox 1453 1389 1491 1448; x_wconf 85' lang='lat' dir='ltr'><strong>tn</strong></span> <span class='ocrx_word' id='word_1_135' title='bbox 1511 1389 1679 1448; x_wconf 83' lang='lat' dir='ltr'><strong>mnndum</strong></span> <span class='ocrx_word' id='word_1_136' title='bbox 1700 1385 1809 1466; x_wconf 83' lang='lat' dir='ltr'><strong>(loun.</strong></span> <span class='ocrx_word' id='word_1_137' title='bbox 1836 1401 1920 1456; x_wconf 76' lang='lat' dir='ltr'><strong>xvi,</strong></span> 
     </span>
     <span class='ocr_line' id='line_1_12' title="bbox 261 1482 1923 1565; baseline -0.002 -19"><span class='ocrx_word' id='word_1_138' title='bbox 261 1501 335 1548; x_wconf 87' lang='lat' dir='ltr'><strong>esse</strong></span> <span class='ocrx_word' id='word_1_139' title='bbox 353 1486 523 1549; x_wconf 85' lang='lat' dir='ltr'><strong>incubatio</strong></span> <span class='ocrx_word' id='word_1_140' title='bbox 545 1503 652 1565; x_wconf 81' lang='lat' dir='ltr'><strong>poeuaa</strong></span> <span class='ocrx_word' id='word_1_141' title='bbox 673 1489 817 1560; x_wconf 85' lang='lat' dir='ltr'><strong>aeternae,</strong></span> <span class='ocrx_word' id='word_1_142' title='bbox 841 1485 928 1562; x_wconf 85' lang='lat' dir='ltr'><strong>agite</strong></span> <span class='ocrx_word' id='word_1_143' title='bbox 952 1484 1061 1562; x_wconf 81' lang='lat' dir='ltr'><strong>poeni·</strong></span> <span class='ocrx_word' id='word_1_144' title='bbox 1113 1483 1178 1561; x_wconf 84' lang='lat'><strong>28).</strong></span> <span class='ocrx_word' id='word_1_145' title='bbox 1203 1485 1250 1544; x_wconf 91' lang='lat' dir='ltr'><strong>De</strong></span> <span class='ocrx_word' id='word_1_146' title='bbox 1272 1482 1413 1546; x_wconf 89' lang='lat' dir='ltr'><strong>ultimo:</strong></span> <span class='ocrx_word' id='word_1_147' title='bbox 1441 1485 1600 1546; x_wconf 83' lang='lat' dir='ltr'><strong>Videbitts</strong></span> <span class='ocrx_word' id='word_1_148' title='bbox 1617 1487 1745 1546; x_wconf 79' lang='lat' dir='ltr'><strong>Filium</strong></span> <span class='ocrx_word' id='word_1_149' title='bbox 1760 1485 1923 1546; x_wconf 70' lang='lat' dir='ltr'><strong>nomime</strong></span> 
     </span>
     <span class='ocr_line' id='line_1_13' title="bbox 262 1581 1924 1662; baseline -0.002 -16"><span class='ocrx_word' id='word_1_150' title='bbox 262 1585 410 1658; x_wconf 89' lang='lat' dir='ltr'><strong>tentiam,</strong></span> <span class='ocrx_word' id='word_1_151' title='bbox 434 1587 467 1646; x_wconf 92' lang='lat' dir='ltr'><strong>et</strong></span> <span class='ocrx_word' id='word_1_152' title='bbox 489 1585 615 1646; x_wconf 91' lang='lat' dir='ltr'><strong>reddite</strong></span> <span class='ocrx_word' id='word_1_153' title='bbox 631 1585 672 1645; x_wconf 92' lang='lat' dir='ltr'><strong>ad</strong></span> <span class='ocrx_word' id='word_1_154' title='bbox 687 1600 789 1662; x_wconf 90' lang='lat' dir='ltr'><strong>opera</strong></span> <span class='ocrx_word' id='word_1_155' title='bbox 804 1587 874 1661; x_wconf 89' lang='lat' dir='ltr'><strong>jam</strong></span> <span class='ocrx_word' id='word_1_156' title='bbox 894 1583 1059 1660; x_wconf 86' lang='lat' dir='ltr'><strong>promissa</strong></span> <span class='ocrx_word' id='word_1_157' title='bbox 1113 1581 1309 1644; x_wconf 71' lang='lat' dir='ltr'><strong>sentientem</strong></span> <span class='ocrx_word' id='word_1_158' title='bbox 1338 1585 1377 1644; x_wconf 88' lang='lat' dir='ltr'><strong>tn</strong></span> <span class='ocrx_word' id='word_1_159' title='bbox 1408 1584 1553 1644; x_wconf 82' lang='lat' dir='ltr'><strong>nubibus</strong></span> <span class='ocrx_word' id='word_1_160' title='bbox 1583 1585 1660 1645; x_wconf 86' lang='lat' dir='ltr'><strong>coeti</strong></span> <span class='ocrx_word' id='word_1_161' title='bbox 1688 1597 1768 1644; x_wconf 86' lang='lat' dir='ltr'><strong>cnm</strong></span> <span class='ocrx_word' id='word_1_162' title='bbox 1792 1582 1924 1657; x_wconf 79' lang='lat' dir='ltr'><strong>potes-</strong></span> 
     </span>
     <span class='ocr_line' id='line_1_14' title="bbox 261 1677 1920 1760; baseline -0.002 -18"><span class='ocrx_word' id='word_1_163' title='bbox 261 1683 297 1743; x_wconf 92' lang='lat' dir='ltr'><strong>in</strong></span> <span class='ocrx_word' id='word_1_164' title='bbox 322 1682 485 1760; x_wconf 90' lang='lat' dir='ltr'><strong>baptismo</strong></span> <span class='ocrx_word' id='word_1_165' title='bbox 509 1683 562 1744; x_wconf 92' lang='lat' dir='ltr'><strong>vel</strong></span> <span class='ocrx_word' id='word_1_166' title='bbox 585 1684 622 1744; x_wconf 91' lang='lat' dir='ltr'><strong>in</strong></span> <span class='ocrx_word' id='word_1_167' title='bbox 645 1681 865 1744; x_wconf 89' lang='lat' dir='ltr'><strong>ordinatione.</strong></span> <span class='ocrx_word' id='word_1_168' title='bbox 894 1681 977 1753; x_wconf 85' lang='lat' dir='ltr'><strong>Quia</strong></span> <span class='ocrx_word' id='word_1_169' title='bbox 1003 1679 1060 1757; x_wconf 89' lang='lat' dir='ltr'><strong>qui</strong></span> <span class='ocrx_word' id='word_1_170' title='bbox 1115 1679 1185 1742; x_wconf 86' lang='lat' dir='ltr'><strong>tote</strong></span> <span class='ocrx_word' id='word_1_171' title='bbox 1207 1693 1338 1756; x_wconf 71' lang='lat' dir='ltr'><strong>manno</strong></span> <span class='ocrx_word' id='word_1_172' title='bbox 1359 1681 1394 1741; x_wconf 89' lang='lat' dir='ltr'><strong>et</strong></span> <span class='ocrx_word' id='word_1_173' title='bbox 1416 1679 1600 1754; x_wconf 76' lang='lat' dir='ltr'><strong>maiestate</strong></span> <span class='ocrx_word' id='word_1_174' title='bbox 1623 1677 1717 1759; x_wconf 89' lang='lat' dir='ltr'><strong>(Luc.</strong></span> <span class='ocrx_word' id='word_1_175' title='bbox 1742 1695 1820 1753; x_wconf 82' lang='lat' dir='ltr'><strong>xxi,</strong></span> <span class='ocrx_word' id='word_1_176' title='bbox 1843 1677 1920 1758; x_wconf 81' lang='lat'><strong>27).</strong></span> 
     </span>
     <span class='ocr_line' id='line_1_15' title="bbox 259 1777 1924 1851; baseline -0.003 -9"><span class='ocrx_word' id='word_1_177' title='bbox 259 1781 420 1842; x_wconf 89' lang='lat' dir='ltr'><strong>venturus</strong></span> <span class='ocrx_word' id='word_1_178' title='bbox 435 1781 485 1842; x_wconf 89' lang='lat' dir='ltr'><strong>cst</strong></span> <span class='ocrx_word' id='word_1_179' title='bbox 496 1781 608 1842; x_wconf 90' lang='lat' dir='ltr'><strong>veniet</strong></span> <span class='ocrx_word' id='word_1_180' title='bbox 624 1781 655 1843; x_wconf 88' lang='lat' dir='ltr'><strong>et</strong></span> <span class='ocrx_word' id='word_1_181' title='bbox 672 1797 739 1842; x_wconf 89' lang='lat' dir='ltr'><strong>nou</strong></span> <span class='ocrx_word' id='word_1_182' title='bbox 751 1778 896 1842; x_wconf 84' lang='lat' dir='ltr'><strong>tardabit</strong></span> <span class='ocrx_word' id='word_1_183' title='bbox 912 1778 954 1840; x_wconf 93' lang='lat' dir='ltr'><strong>ad</strong></span> <span class='ocrx_word' id='word_1_184' title='bbox 967 1777 1060 1839; x_wconf 87' lang='lat' dir='ltr'><strong>iudi-</strong></span> <span class='ocrx_word' id='word_1_185' title='bbox 1114 1779 1161 1838; x_wconf 94' lang='lat' dir='ltr'><strong>De</strong></span> <span class='ocrx_word' id='word_1_186' title='bbox 1176 1777 1322 1840; x_wconf 91' lang='lat' dir='ltr'><strong>secundo</strong></span> <span class='ocrx_word' id='word_1_187' title='bbox 1339 1794 1347 1834; x_wconf 77' lang='grc' dir='ltr'><strong><em>ε</em></strong></span> <span class='ocrx_word' id='word_1_188' title='bbox 1363 1781 1415 1840; x_wconf 78' lang='lat' dir='ltr'><strong>Ad</strong></span> <span class='ocrx_word' id='word_1_189' title='bbox 1434 1794 1513 1840; x_wconf 89' lang='lat' dir='ltr'><strong>enm</strong></span> <span class='ocrx_word' id='word_1_190' title='bbox 1534 1781 1728 1851; x_wconf 79' lang='lat' dir='ltr'><strong>veniemus,</strong></span> <span class='ocrx_word' id='word_1_191' title='bbox 1753 1778 1788 1840; x_wconf 89' lang='lat' dir='ltr'><strong>et</strong></span> <span class='ocrx_word' id='word_1_192' title='bbox 1808 1791 1924 1838; x_wconf 82' lang='lat' dir='ltr'><strong>man-</strong></span> 
     </span>
     <span class='ocr_line' id='line_1_16' title="bbox 259 1872 1919 1954; baseline -0.003 -15"><span class='ocrx_word' id='word_1_193' title='bbox 259 1878 402 1954; x_wconf 79' lang='lat' dir='ltr'><strong>gendum</strong></span> <span class='ocrx_word' id='word_1_194' title='bbox 423 1878 529 1951; x_wconf 89' lang='lat' dir='ltr'><strong>vobis,</strong></span> <span class='ocrx_word' id='word_1_195' title='bbox 546 1879 687 1952; x_wconf 87' lang='lat' dir='ltr'><strong>dolores,</strong></span> <span class='ocrx_word' id='word_1_196' title='bbox 707 1877 931 1950; x_wconf 85' lang='lat' dir='ltr'><strong>infirmitates,</strong></span> <span class='ocrx_word' id='word_1_197' title='bbox 946 1892 1059 1938; x_wconf 87' lang='lat' dir='ltr'><strong>rerum</strong></span> <span class='ocrx_word' id='word_1_198' title='bbox 1113 1878 1615 1951; x_wconf 79' lang='lat' dir='ltr'><strong>ctonemopncleumsoctemns</strong></span> <span class='ocrx_word' id='word_1_199' title='bbox 1631 1872 1919 1954; x_wconf 76' lang='lat' dir='ltr'><strong>(Jcan.x1v,23).</strong></span> 
     </span>
     <span class='ocr_line' id='line_1_17' title="bbox 259 1973 1924 2054; baseline -0.004 -16"><span class='ocrx_word' id='word_1_200' title='bbox 259 1975 492 2052; x_wconf 91' lang='lat' dir='ltr'><strong>temporalium</strong></span> <span class='ocrx_word' id='word_1_201' title='bbox 514 1977 722 2050; x_wconf 88' lang='lat' dir='ltr'><strong>amissiones,</strong></span> <span class='ocrx_word' id='word_1_202' title='bbox 743 1975 835 2054; x_wconf 87' lang='lat' dir='ltr'><strong>puta,</strong></span> <span class='ocrx_word' id='word_1_203' title='bbox 855 1975 1000 2036; x_wconf 85' lang='lat' dir='ltr'><strong>filiorum</strong></span> <span class='ocrx_word' id='word_1_204' title='bbox 1027 1973 1060 2035; x_wconf 87' lang='lat' dir='ltr'><strong>et</strong></span> <span class='ocrx_word' id='word_1_205' title='bbox 1113 1975 1161 2034; x_wconf 91' lang='lat' dir='ltr'><strong>De</strong></span> <span class='ocrx_word' id='word_1_206' title='bbox 1179 1973 1277 2036; x_wconf 88' lang='lat' dir='ltr'><strong>tertio</strong></span> <span class='ocrx_word' id='word_1_207' title='bbox 1294 1989 1302 2030; x_wconf 75' lang='grc' dir='ltr'><strong>ε</strong></span> <span class='ocrx_word' id='word_1_208' title='bbox 1322 1977 1407 2036; x_wconf 82' lang='lat' dir='ltr'><strong>Cum</strong></span> <span class='ocrx_word' id='word_1_209' title='bbox 1427 1974 1543 2036; x_wconf 68' lang='lat' dir='ltr'><strong>vetitet</strong></span> <span class='ocrx_word' id='word_1_210' title='bbox 1565 1973 1600 2036; x_wconf 87' lang='lat' dir='ltr'><strong>et</strong></span> <span class='ocrx_word' id='word_1_211' title='bbox 1616 1974 1812 2049; x_wconf 65' lang='grc' dir='ltr'><em>ριαθθυθθαα</em></span> <span class='ocrx_word' id='word_1_212' title='bbox 1830 1987 1924 2034; x_wconf 75' lang='grc' dir='ltr'><em>θοα-</em></span> 
     </span>
     <span class='ocr_line' id='line_1_18' title="bbox 260 2069 1924 2151; baseline 0 -18"><span class='ocrx_word' id='word_1_213' title='bbox 260 2073 609 2136; x_wconf 87' lang='lat' dir='ltr'><strong>aliorumamicorum.</strong></span> <span class='ocrx_word' id='word_1_214' title='bbox 627 2077 697 2148; x_wconf 92' lang='lat' dir='ltr'><strong>Quo</strong></span> <span class='ocrx_word' id='word_1_215' title='bbox 713 2090 803 2146; x_wconf 91' lang='lat' dir='ltr'><strong>casu,</strong></span> <span class='ocrx_word' id='word_1_216' title='bbox 819 2072 975 2144; x_wconf 92' lang='lat' dir='ltr'><strong>utmodo,</strong></span> <span class='ocrx_word' id='word_1_217' title='bbox 992 2087 1059 2134; x_wconf 91' lang='lat' dir='ltr'><strong>non</strong></span> <span class='ocrx_word' id='word_1_218' title='bbox 1112 2073 1230 2145; x_wconf 79' lang='lat' dir='ltr'><strong>festine</strong></span> <span class='ocrx_word' id='word_1_219' title='bbox 1252 2073 1410 2148; x_wconf 80' lang='lat' dir='ltr'><strong>aperient</strong></span> <span class='ocrx_word' id='word_1_220' title='bbox 1433 2076 1465 2134; x_wconf 89' lang='lat' dir='ltr'><strong>ei</strong></span> <span class='ocrx_word' id='word_1_221' title='bbox 1492 2070 1593 2151; x_wconf 86' lang='lat' dir='ltr'><strong>(Luc.</strong></span> <span class='ocrx_word' id='word_1_222' title='bbox 1618 2087 1685 2144; x_wconf 85' lang='lat' dir='ltr'><strong>xn,</strong></span> <span class='ocrx_word' id='word_1_223' title='bbox 1714 2070 1789 2151; x_wconf 89' lang='lat'><strong>36).</strong></span> <span class='ocrx_word' id='word_1_224' title='bbox 1812 2069 1924 2133; x_wconf 87' lang='lat' dir='ltr'><strong>Venit</strong></span> 
     </span>
     <span class='ocr_line' id='line_1_19' title="bbox 261 2169 1921 2249; baseline -0.002 -17"><span class='ocrx_word' id='word_1_225' title='bbox 261 2171 413 2248; x_wconf 88' lang='lat' dir='ltr'><strong>poteritis</strong></span> <span class='ocrx_word' id='word_1_226' title='bbox 429 2173 561 2249; x_wconf 87' lang='lat' dir='ltr'><strong>operari</strong></span> <span class='ocrx_word' id='word_1_227' title='bbox 574 2174 632 2235; x_wconf 90' lang='lat' dir='ltr'><strong>aut</strong></span> <span class='ocrx_word' id='word_1_228' title='bbox 646 2175 713 2233; x_wconf 91' lang='lat' dir='ltr'><strong>Deo</strong></span> <span class='ocrx_word' id='word_1_229' title='bbox 725 2171 869 2249; x_wconf 84' lang='lat' dir='ltr'><strong>placere.</strong></span> <span class='ocrx_word' id='word_1_230' title='bbox 1114 2169 1150 2231; x_wconf 90' lang='lat' dir='ltr'><strong>ut</strong></span> <span class='ocrx_word' id='word_1_231' title='bbox 1172 2171 1317 2232; x_wconf 90' lang='lat' dir='ltr'><strong>animam</strong></span> <span class='ocrx_word' id='word_1_232' title='bbox 1339 2187 1438 2249; x_wconf 84' lang='lat' dir='ltr'><strong>quam</strong></span> <span class='ocrx_word' id='word_1_233' title='bbox 1465 2169 1556 2233; x_wconf 91' lang='lat' dir='ltr'><strong>dedit</strong></span> <span class='ocrx_word' id='word_1_234' title='bbox 1575 2170 1729 2246; x_wconf 87' lang='lat' dir='ltr'><strong>accipiat.</strong></span> <span class='ocrx_word' id='word_1_235' title='bbox 1760 2169 1921 2230; x_wconf 87' lang='lat' dir='ltr'><strong>Pulsatio</strong></span> 
     </span>
     <span class='ocr_line' id='line_1_20' title="bbox 301 2265 1917 2346; baseline -0.002 -17"><span class='ocrx_word' id='word_1_236' title='bbox 301 2269 432 2331; x_wconf 86' lang='lat' dir='ltr'><strong>Tertius</strong></span> <span class='ocrx_word' id='word_1_237' title='bbox 455 2271 616 2332; x_wconf 89' lang='lat' dir='ltr'><strong>adventus</strong></span> <span class='ocrx_word' id='word_1_238' title='bbox 637 2269 745 2332; x_wconf 88' lang='lat' dir='ltr'><strong>estin</strong></span> <span class='ocrx_word' id='word_1_239' title='bbox 766 2271 906 2341; x_wconf 88' lang='lat' dir='ltr'><strong>terrore,</strong></span> <span class='ocrx_word' id='word_1_240' title='bbox 924 2283 983 2346; x_wconf 82' lang='lat' dir='ltr'><strong>per</strong></span> <span class='ocrx_word' id='word_1_241' title='bbox 1005 2283 1060 2329; x_wconf 87' lang='lat' dir='ltr'><strong>se-</strong></span> <span class='ocrx_word' id='word_1_242' title='bbox 1113 2268 1395 2345; x_wconf 88' lang='lat' dir='ltr'><strong>euimpercarnis</strong></span> <span class='ocrx_word' id='word_1_243' title='bbox 1407 2267 1588 2340; x_wconf 86' lang='lat' dir='ltr'><strong>molestias,</strong></span> <span class='ocrx_word' id='word_1_244' title='bbox 1606 2268 1746 2330; x_wconf 86' lang='lat' dir='ltr'><strong>mortem</strong></span> <span class='ocrx_word' id='word_1_245' title='bbox 1759 2265 1917 2328; x_wconf 88' lang='lat' dir='ltr'><strong>vicinam</strong></span> 
     </span>
     <span class='ocr_line' id='line_1_21' title="bbox 262 2363 1921 2445; baseline -0.002 -18"><span class='ocrx_word' id='word_1_246' title='bbox 262 2367 471 2443; x_wconf 87' lang='lat' dir='ltr'><strong>parationem</strong></span> <span class='ocrx_word' id='word_1_247' title='bbox 494 2367 615 2430; x_wconf 89' lang='lat' dir='ltr'><strong>animae</strong></span> <span class='ocrx_word' id='word_1_248' title='bbox 639 2383 659 2430; x_wconf 93' lang='lat' dir='ltr'><strong>a</strong></span> <span class='ocrx_word' id='word_1_249' title='bbox 681 2383 830 2445; x_wconf 87' lang='lat' dir='ltr'><strong>corpore.</strong></span> <span class='ocrx_word' id='word_1_250' title='bbox 858 2366 951 2428; x_wconf 89' lang='lat' dir='ltr'><strong>Unde</strong></span> <span class='ocrx_word' id='word_1_251' title='bbox 972 2365 1056 2428; x_wconf 81' lang='lat' dir='ltr'><strong>lob:</strong></span> <span class='ocrx_word' id='word_1_252' title='bbox 1113 2367 1297 2429; x_wconf 88' lang='lat' dir='ltr'><strong>annuntiet.</strong></span> <span class='ocrx_word' id='word_1_253' title='bbox 1327 2365 1411 2438; x_wconf 90' lang='lat' dir='ltr'><strong>Quia</strong></span> <span class='ocrx_word' id='word_1_254' title='bbox 1441 2365 1545 2442; x_wconf 80' lang='lat' dir='ltr'><strong>igitur</strong></span> <span class='ocrx_word' id='word_1_255' title='bbox 1572 2366 1644 2428; x_wconf 89' lang='lat' dir='ltr'><strong>dies</strong></span> <span class='ocrx_word' id='word_1_256' title='bbox 1675 2365 1791 2427; x_wconf 88' lang='lat' dir='ltr'><strong>mortis</strong></span> <span class='ocrx_word' id='word_1_257' title='bbox 1815 2363 1921 2426; x_wconf 87' lang='lat' dir='ltr'><strong>vobis</strong></span> 
     </span>
     <span class='ocr_line' id='line_1_22' title="bbox 261 2462 1921 2541; baseline -0.003 -13"><span class='ocrx_word' id='word_1_258' title='bbox 261 2466 370 2528; x_wconf 86' lang='lat' dir='ltr'><strong>Nocte</strong></span> <span class='ocrx_word' id='word_1_259' title='bbox 382 2467 553 2541; x_wconf 73' lang='lat' dir='ltr'><strong>opprimet</strong></span> <span class='ocrx_word' id='word_1_260' title='bbox 565 2481 645 2528; x_wconf 88' lang='lat' dir='ltr'><strong>enm</strong></span> <span class='ocrx_word' id='word_1_261' title='bbox 658 2466 853 2541; x_wconf 74' lang='lat' dir='ltr'><strong>tempestas.</strong></span> <span class='ocrx_word' id='word_1_262' title='bbox 868 2465 968 2528; x_wconf 79' lang='lat' dir='ltr'><strong>Tollet</strong></span> <span class='ocrx_word' id='word_1_263' title='bbox 979 2477 1059 2526; x_wconf 89' lang='lat' dir='ltr'><strong>enm</strong></span> <span class='ocrx_word' id='word_1_264' title='bbox 1113 2463 1281 2540; x_wconf 82' lang='lat' dir='ltr'><strong>incognita</strong></span> <span class='ocrx_word' id='word_1_265' title='bbox 1312 2465 1379 2536; x_wconf 89' lang='lat' dir='ltr'><strong>est,</strong></span> <span class='ocrx_word' id='word_1_266' title='bbox 1412 2463 1588 2526; x_wconf 88' lang='lat' dir='ltr'><strong>carissimi.</strong></span> <span class='ocrx_word' id='word_1_267' title='bbox 1629 2462 1770 2525; x_wconf 88' lang='lat' dir='ltr'><strong>Solliciti</strong></span> <span class='ocrx_word' id='word_1_268' title='bbox 1804 2463 1921 2524; x_wconf 85' lang='lat' dir='ltr'><strong>estote</strong></span> 
     </span>
     <span class='ocr_line' id='line_1_23' title="bbox 262 2559 1918 2638; baseline -0.004 -14"><span class='ocrx_word' id='word_1_269' title='bbox 262 2563 386 2624; x_wconf 76' lang='lat' dir='ltr'><strong>ventiis</strong></span> <span class='ocrx_word' id='word_1_270' title='bbox 399 2579 517 2636; x_wconf 73' lang='lat' dir='ltr'><strong>ureris,</strong></span> <span class='ocrx_word' id='word_1_271' title='bbox 530 2564 563 2625; x_wconf 87' lang='lat' dir='ltr'><strong>et</strong></span> <span class='ocrx_word' id='word_1_272' title='bbox 577 2565 715 2638; x_wconf 80' lang='lat' dir='ltr'><strong>cnseret</strong></span> <span class='ocrx_word' id='word_1_273' title='bbox 727 2566 768 2624; x_wconf 96' lang='grc' dir='ltr'><strong>αθ</strong></span> <span class='ocrx_word' id='word_1_274' title='bbox 781 2567 904 2634; x_wconf 86' lang='lat' dir='ltr'><strong>medio,</strong></span> <span class='ocrx_word' id='word_1_275' title='bbox 922 2563 1059 2624; x_wconf 87' lang='lat' dir='ltr'><strong>etvetnt</strong></span> <span class='ocrx_word' id='word_1_276' title='bbox 1112 2560 1281 2637; x_wconf 83' lang='lat' dir='ltr'><strong>vigilando</strong></span> <span class='ocrx_word' id='word_1_277' title='bbox 1301 2561 1334 2623; x_wconf 92' lang='lat' dir='ltr'><strong>et</strong></span> <span class='ocrx_word' id='word_1_278' title='bbox 1356 2561 1396 2622; x_wconf 91' lang='lat' dir='ltr'><strong>de</strong></span> <span class='ocrx_word' id='word_1_279' title='bbox 1415 2560 1502 2622; x_wconf 90' lang='lat' dir='ltr'><strong>bono</strong></span> <span class='ocrx_word' id='word_1_280' title='bbox 1522 2561 1557 2622; x_wconf 91' lang='lat' dir='ltr'><strong>in</strong></span> <span class='ocrx_word' id='word_1_281' title='bbox 1576 2560 1695 2621; x_wconf 89' lang='lat' dir='ltr'><strong>melius</strong></span> <span class='ocrx_word' id='word_1_282' title='bbox 1717 2559 1918 2621; x_wconf 89' lang='lat' dir='ltr'><strong>crescendo.</strong></span> 
     </span>
     <span class='ocr_line' id='line_1_24' title="bbox 262 2656 1920 2740; baseline -0.002 -19"><span class='ocrx_word' id='word_1_283' title='bbox 262 2661 488 2735; x_wconf 74' lang='lat' dir='ltr'><strong>tonsorantes</strong></span> <span class='ocrx_word' id='word_1_284' title='bbox 504 2677 583 2723; x_wconf 89' lang='lat' dir='ltr'><strong>enm</strong></span> <span class='ocrx_word' id='word_1_285' title='bbox 603 2665 644 2723; x_wconf 87' lang='lat' dir='ltr'><strong>de</strong></span> <span class='ocrx_word' id='word_1_286' title='bbox 668 2666 738 2724; x_wconf 87' lang='lat' dir='ltr'><strong>ioco</strong></span> <span class='ocrx_word' id='word_1_287' title='bbox 756 2677 819 2722; x_wconf 84' lang='lat' dir='ltr'><strong>sno</strong></span> <span class='ocrx_word' id='word_1_288' title='bbox 839 2658 925 2740; x_wconf 83' lang='lat' dir='ltr'><strong>(lob,</strong></span> <span class='ocrx_word' id='word_1_289' title='bbox 948 2676 1056 2732; x_wconf 82' lang='lat' dir='ltr'><strong>xxvn,</strong></span> <span class='ocrx_word' id='word_1_290' title='bbox 1114 2661 1156 2720; x_wconf 91' lang='lat' dir='ltr'><strong>Ut</strong></span> <span class='ocrx_word' id='word_1_291' title='bbox 1179 2676 1279 2738; x_wconf 84' lang='lat' dir='ltr'><strong>quum</strong></span> <span class='ocrx_word' id='word_1_292' title='bbox 1307 2660 1467 2721; x_wconf 88' lang='lat' dir='ltr'><strong>Dominus</strong></span> <span class='ocrx_word' id='word_1_293' title='bbox 1494 2658 1536 2720; x_wconf 90' lang='lat' dir='ltr'><strong>ad</strong></span> <span class='ocrx_word' id='word_1_294' title='bbox 1561 2673 1620 2722; x_wconf 90' lang='lat' dir='ltr'><strong>vos</strong></span> <span class='ocrx_word' id='word_1_295' title='bbox 1645 2672 1705 2735; x_wconf 89' lang='lat' dir='ltr'><strong>per</strong></span> <span class='ocrx_word' id='word_1_296' title='bbox 1727 2656 1920 2718; x_wconf 85' lang='lat' dir='ltr'><strong>infirmita-</strong></span> 
     </span>
     <span class='ocr_line' id='line_1_25' title="bbox 260 2755 1921 2838; baseline -0.002 -20"><span class='ocrx_word' id='word_1_297' title='bbox 260 2759 311 2831; x_wconf 87' lang='grc'><strong>20,</strong></span> <span class='ocrx_word' id='word_1_298' title='bbox 333 2756 399 2838; x_wconf 78' lang='grc'>21).</span> <span class='ocrx_word' id='word_1_299' title='bbox 423 2759 532 2820; x_wconf 85' lang='lat' dir='ltr'><strong>Turbo</strong></span> <span class='ocrx_word' id='word_1_300' title='bbox 556 2760 676 2837; x_wconf 87' lang='lat' dir='ltr'><strong>quippe</strong></span> <span class='ocrx_word' id='word_1_301' title='bbox 695 2759 816 2820; x_wconf 88' lang='lat' dir='ltr'><strong>dicitur</strong></span> <span class='ocrx_word' id='word_1_302' title='bbox 837 2775 857 2820; x_wconf 89' lang='lat' dir='ltr'><strong>a</strong></span> <span class='ocrx_word' id='word_1_303' title='bbox 881 2757 1055 2821; x_wconf 89' lang='lat' dir='ltr'><strong>turbando.</strong></span> <span class='ocrx_word' id='word_1_304' title='bbox 1111 2758 1178 2820; x_wconf 88' lang='lat' dir='ltr'><strong>tem</strong></span> <span class='ocrx_word' id='word_1_305' title='bbox 1196 2757 1253 2820; x_wconf 89' lang='lat' dir='ltr'><strong>aut</strong></span> <span class='ocrx_word' id='word_1_306' title='bbox 1274 2757 1481 2834; x_wconf 89' lang='lat' dir='ltr'><strong>repentinam</strong></span> <span class='ocrx_word' id='word_1_307' title='bbox 1503 2757 1643 2819; x_wconf 90' lang='lat' dir='ltr'><strong>mortem</strong></span> <span class='ocrx_word' id='word_1_308' title='bbox 1663 2755 1802 2827; x_wconf 89' lang='lat' dir='ltr'><strong>venerit,</strong></span> <span class='ocrx_word' id='word_1_309' title='bbox 1831 2771 1921 2816; x_wconf 92' lang='lat' dir='ltr'><strong>con-</strong></span> 
     </span>
     <span class='ocr_line' id='line_1_26' title="bbox 262 2853 1918 2934; baseline -0.004 -16"><span class='ocrx_word' id='word_1_310' title='bbox 262 2856 346 2927; x_wconf 87' lang='lat' dir='ltr'><strong>Quid</strong></span> <span class='ocrx_word' id='word_1_311' title='bbox 369 2856 479 2918; x_wconf 89' lang='lat' dir='ltr'><strong>autem</strong></span> <span class='ocrx_word' id='word_1_312' title='bbox 504 2857 611 2934; x_wconf 85' lang='lat' dir='ltr'><strong>magis</strong></span> <span class='ocrx_word' id='word_1_313' title='bbox 628 2857 803 2919; x_wconf 90' lang='lat' dir='ltr'><strong>conturbat</strong></span> <span class='ocrx_word' id='word_1_314' title='bbox 823 2872 922 2933; x_wconf 87' lang='lat' dir='ltr'><strong>quam</strong></span> <span class='ocrx_word' id='word_1_315' title='bbox 948 2857 1058 2918; x_wconf 79' lang='lat' dir='ltr'><strong>morsi</strong></span> <span class='ocrx_word' id='word_1_316' title='bbox 1113 2856 1249 2918; x_wconf 85' lang='lat' dir='ltr'><strong>fidentes</strong></span> <span class='ocrx_word' id='word_1_317' title='bbox 1273 2855 1314 2916; x_wconf 92' lang='lat' dir='ltr'><strong>de</strong></span> <span class='ocrx_word' id='word_1_318' title='bbox 1338 2856 1426 2917; x_wconf 89' lang='lat' dir='ltr'><strong>bona</strong></span> <span class='ocrx_word' id='word_1_319' title='bbox 1452 2855 1521 2917; x_wconf 89' lang='lat' dir='ltr'><strong>vita</strong></span> <span class='ocrx_word' id='word_1_320' title='bbox 1549 2855 1673 2923; x_wconf 89' lang='lat' dir='ltr'><strong>vestra,</strong></span> <span class='ocrx_word' id='word_1_321' title='bbox 1699 2853 1811 2916; x_wconf 87' lang='lat' dir='ltr'><strong>statim</strong></span> <span class='ocrx_word' id='word_1_322' title='bbox 1836 2869 1918 2913; x_wconf 90' lang='lat' dir='ltr'><strong>eum</strong></span> 
     </span>
     <span class='ocr_line' id='line_1_27' title="bbox 263 2949 1918 3033; baseline -0.001 -19"><span class='ocrx_word' id='word_1_323' title='bbox 263 2953 633 3033; x_wconf 79' lang='lat' dir='ltr'><strong>Undescriptnmcst-in</strong></span> <span class='ocrx_word' id='word_1_324' title='bbox 647 2954 1058 3016; x_wconf 60' lang='lat' dir='ltr'><strong>Ecclesiasticofflmors!</strong></span> <span class='ocrx_word' id='word_1_325' title='bbox 1113 2969 1187 3016; x_wconf 90' lang='lat' dir='ltr'><strong>cum</strong></span> <span class='ocrx_word' id='word_1_326' title='bbox 1210 2953 1326 3016; x_wconf 79' lang='lat' dir='ltr'><strong>laetitia</strong></span> <span class='ocrx_word' id='word_1_327' title='bbox 1358 2952 1563 3030; x_wconf 86' lang='lat' dir='ltr'><strong>suscipiatis,</strong></span> <span class='ocrx_word' id='word_1_328' title='bbox 1594 2953 1734 3014; x_wconf 89' lang='lat' dir='ltr'><strong>mortem</strong></span> <span class='ocrx_word' id='word_1_329' title='bbox 1766 2949 1918 3025; x_wconf 85' lang='lat' dir='ltr'><strong>benigne</strong></span> 
     </span>
     <span class='ocr_line' id='line_1_28' title="bbox 261 3048 1920 3132; baseline -0.002 -20"><span class='ocrx_word' id='word_1_330' title='bbox 261 3049 1056 3132; x_wconf 76' lang='lat' dir='ltr'><strong>onomonnonoestmemonmtno(blccl.xn1,1.)</strong></span> <span class='ocrx_word' id='word_1_331' title='bbox 1112 3051 1320 3126; x_wconf 86' lang='lat' dir='ltr'><strong>sustinenda,</strong></span> <span class='ocrx_word' id='word_1_332' title='bbox 1353 3053 1386 3113; x_wconf 90' lang='lat' dir='ltr'><strong>et</strong></span> <span class='ocrx_word' id='word_1_333' title='bbox 1424 3050 1564 3112; x_wconf 89' lang='lat' dir='ltr'><strong>dicendo</strong></span> <span class='ocrx_word' id='word_1_334' title='bbox 1606 3066 1681 3111; x_wconf 93' lang='lat' dir='ltr'><strong>cum</strong></span> <span class='ocrx_word' id='word_1_335' title='bbox 1717 3048 1824 3127; x_wconf 45' lang='lat' dir='ltr'><strong>beato,</strong></span> <span class='ocrx_word' id='word_1_336' title='bbox 1858 3049 1920 3108; x_wconf 89' lang='lat' dir='ltr'><strong>Si-</strong></span> 
     </span>
     <span class='ocr_line' id='line_1_29' title="bbox 261 3149 1917 3225; baseline -0.002 -14"><span class='ocrx_word' id='word_1_337' title='bbox 261 3151 384 3211; x_wconf 77' lang='lat' dir='ltr'><strong>Amara</strong></span> <span class='ocrx_word' id='word_1_338' title='bbox 404 3149 454 3211; x_wconf 89' lang='lat' dir='ltr'><strong>est</strong></span> <span class='ocrx_word' id='word_1_339' title='bbox 472 3151 632 3212; x_wconf 86' lang='lat' dir='ltr'><strong>memoria</strong></span> <span class='ocrx_word' id='word_1_340' title='bbox 654 3151 781 3223; x_wconf 89' lang='lat' dir='ltr'><strong>mortis,</strong></span> <span class='ocrx_word' id='word_1_341' title='bbox 794 3149 906 3211; x_wconf 89' lang='lat' dir='ltr'><strong>tamen</strong></span> <span class='ocrx_word' id='word_1_342' title='bbox 927 3164 1057 3225; x_wconf 86' lang='lat' dir='ltr'><strong>semper</strong></span> <span class='ocrx_word' id='word_1_343' title='bbox 1112 3165 1228 3210; x_wconf 88' lang='lat' dir='ltr'><strong>meone</strong></span> <span class='ocrx_word' id='word_1_344' title='bbox 1245 3171 1252 3210; x_wconf 77' lang='grc' dir='ltr'><strong>ε</strong></span> <span class='ocrx_word' id='word_1_345' title='bbox 1272 3153 1375 3210; x_wconf 87' lang='lat' dir='ltr'><strong>Nnno</strong></span> <span class='ocrx_word' id='word_1_346' title='bbox 1395 3149 1528 3210; x_wconf 78' lang='lat' dir='ltr'><strong>dimitte</strong></span> <span class='ocrx_word' id='word_1_347' title='bbox 1552 3163 1618 3221; x_wconf 89' lang='lat' dir='ltr'><strong>me,</strong></span> <span class='ocrx_word' id='word_1_348' title='bbox 1643 3151 1800 3220; x_wconf 85' lang='lat' dir='ltr'><strong>Domine,</strong></span> <span class='ocrx_word' id='word_1_349' title='bbox 1827 3164 1917 3210; x_wconf 85' lang='lat' dir='ltr'><strong>scr-</strong></span> 
     </span>
     <span class='ocr_line' id='line_1_30' title="bbox 264 3245 1916 3325; baseline -0.001 -17"><span class='ocrx_word' id='word_1_350' title='bbox 264 3245 1055 3325; x_wconf 86' lang='lat' dir='ltr'><strong>debemuseamhabereinmemorla‚jnxtaillud</strong></span> <span class='ocrx_word' id='word_1_351' title='bbox 1111 3263 1193 3308; x_wconf 85' lang='lat' dir='ltr'><strong>cnm</strong></span> <span class='ocrx_word' id='word_1_352' title='bbox 1221 3248 1319 3309; x_wconf 72' lang='lat' dir='ltr'><strong>tectim</strong></span> <span class='ocrx_word' id='word_1_353' title='bbox 1347 3250 1536 3308; x_wconf 72' lang='lat' dir='ltr'><strong>sectandum</strong></span> <span class='ocrx_word' id='word_1_354' title='bbox 1565 3249 1706 3308; x_wconf 81' lang='lat' dir='ltr'><strong>verbnm</strong></span> <span class='ocrx_word' id='word_1_355' title='bbox 1739 3247 1840 3307; x_wconf 80' lang='lat' dir='ltr'><strong>tunm</strong></span> <span class='ocrx_word' id='word_1_356' title='bbox 1875 3249 1916 3307; x_wconf 83' lang='lat' dir='ltr'><strong>in</strong></span> 
     </span>
    </p>
   </div>
   <div class='ocr_carea' id='block_1_3' title="bbox 150 3342 1435 3424">
    <p class='ocr_par' dir='ltr' id='par_1_3' title="bbox 150 3342 1435 3424">
     <span class='ocr_line' id='line_1_31' title="bbox 150 3342 1435 3424; baseline -0.002 -18"><span class='ocrx_word' id='word_1_357' title='bbox 150 3379 152 3381; x_wconf 94' lang='lat'>-</span> <span class='ocrx_word' id='word_1_358' title='bbox 264 3345 472 3407; x_wconf 87' lang='lat' dir='ltr'><strong>Salomonis:</strong></span> <span class='ocrx_word' id='word_1_359' title='bbox 489 3350 556 3408; x_wconf 78' lang='lat' dir='ltr'><strong>Fili</strong></span> <span class='ocrx_word' id='word_1_360' title='bbox 571 3350 758 3408; x_wconf 75' lang='lat' dir='ltr'><strong>recordare</strong></span> <span class='ocrx_word' id='word_1_361' title='bbox 773 3349 962 3408; x_wconf 83' lang='lat' dir='ltr'><strong>novissimo</strong></span> <span class='ocrx_word' id='word_1_362' title='bbox 984 3346 1054 3415; x_wconf 85' lang='lat' dir='ltr'><strong>tna,</strong></span> <span class='ocrx_word' id='word_1_363' title='bbox 1107 3360 1193 3422; x_wconf 84' lang='lat' dir='ltr'><strong>poce</strong></span> <span class='ocrx_word' id='word_1_364' title='bbox 1208 3342 1301 3424; x_wconf 87' lang='lat' dir='ltr'><strong>(Luc.</strong></span> <span class='ocrx_word' id='word_1_365' title='bbox 1317 3361 1354 3417; x_wconf 95' lang='lat'><strong>11,</strong></span> <span class='ocrx_word' id='word_1_366' title='bbox 1369 3343 1435 3424; x_wconf 83' lang='lat'><strong>29).</strong></span> 
     </span>
    </p>
   </div>
   <div class='ocr_carea' id='block_1_4' title="bbox 259 3440 1919 5765">
    <p class='ocr_par' dir='ltr' id='par_1_4' title="bbox 259 3440 1919 5765">
     <span class='ocr_line' id='line_1_32' title="bbox 261 3440 1919 3522; baseline -0.002 -18"><span class='ocrx_word' id='word_1_367' title='bbox 261 3442 345 3504; x_wconf 87' lang='lat' dir='ltr'><strong>etin</strong></span> <span class='ocrx_word' id='word_1_368' title='bbox 361 3444 533 3506; x_wconf 71' lang='lat' dir='ltr'><strong>aeternnm</strong></span> <span class='ocrx_word' id='word_1_369' title='bbox 550 3459 619 3505; x_wconf 91' lang='lat' dir='ltr'><strong>non</strong></span> <span class='ocrx_word' id='word_1_370' title='bbox 627 3446 783 3520; x_wconf 81' lang='lat' dir='ltr'><strong>peccabis</strong></span> <span class='ocrx_word' id='word_1_371' title='bbox 797 3440 898 3521; x_wconf 85' lang='lat' dir='ltr'><strong>(Eccl.</strong></span> <span class='ocrx_word' id='word_1_372' title='bbox 915 3458 974 3512; x_wconf 86' lang='lat' dir='ltr'><strong>vn,</strong></span> <span class='ocrx_word' id='word_1_373' title='bbox 990 3441 1054 3522; x_wconf 87' lang='grc'>40).</span> <span class='ocrx_word' id='word_1_374' title='bbox 1152 3443 1294 3516; x_wconf 85' lang='lat' dir='ltr'><strong>Quartus</strong></span> <span class='ocrx_word' id='word_1_375' title='bbox 1309 3443 1469 3504; x_wconf 87' lang='lat' dir='ltr'><strong>adventus</strong></span> <span class='ocrx_word' id='word_1_376' title='bbox 1485 3443 1549 3504; x_wconf 85' lang='lat' dir='ltr'><strong>erit</strong></span> <span class='ocrx_word' id='word_1_377' title='bbox 1568 3442 1604 3503; x_wconf 91' lang='lat' dir='ltr'><strong>in</strong></span> <span class='ocrx_word' id='word_1_378' title='bbox 1619 3442 1696 3518; x_wconf 85' lang='lat' dir='ltr'><strong>igne</strong></span> <span class='ocrx_word' id='word_1_379' title='bbox 1711 3442 1745 3504; x_wconf 93' lang='lat' dir='ltr'><strong>et</strong></span> <span class='ocrx_word' id='word_1_380' title='bbox 1764 3441 1800 3502; x_wconf 90' lang='lat' dir='ltr'><strong>in</strong></span> <span class='ocrx_word' id='word_1_381' title='bbox 1821 3441 1919 3502; x_wconf 88' lang='lat' dir='ltr'><strong>indi-</strong></span> 
     </span>
     <span class='ocr_line' id='line_1_33' title="bbox 260 3539 1913 3620; baseline -0.002 -18"><span class='ocrx_word' id='word_1_382' title='bbox 260 3542 307 3602; x_wconf 91' lang='lat' dir='ltr'><strong>De</strong></span> <span class='ocrx_word' id='word_1_383' title='bbox 330 3540 393 3602; x_wconf 91' lang='lat' dir='ltr'><strong>hoc</strong></span> <span class='ocrx_word' id='word_1_384' title='bbox 408 3541 563 3616; x_wconf 90' lang='lat' dir='ltr'><strong>adventu,</strong></span> <span class='ocrx_word' id='word_1_385' title='bbox 580 3559 644 3620; x_wconf 86' lang='lat' dir='ltr'><strong>quo</strong></span> <span class='ocrx_word' id='word_1_386' title='bbox 660 3542 701 3604; x_wconf 89' lang='lat' dir='ltr'><strong>ad</strong></span> <span class='ocrx_word' id='word_1_387' title='bbox 717 3558 777 3603; x_wconf 92' lang='lat' dir='ltr'><strong>nos</strong></span> <span class='ocrx_word' id='word_1_388' title='bbox 791 3541 949 3603; x_wconf 90' lang='lat' dir='ltr'><strong>Dominus</strong></span> <span class='ocrx_word' id='word_1_389' title='bbox 966 3541 1058 3602; x_wconf 91' lang='lat' dir='ltr'><strong>venit</strong></span> <span class='ocrx_word' id='word_1_390' title='bbox 1111 3542 1268 3617; x_wconf 83' lang='lat' dir='ltr'><strong>gnatione</strong></span> <span class='ocrx_word' id='word_1_391' title='bbox 1302 3557 1362 3618; x_wconf 85' lang='lat' dir='ltr'><strong>per</strong></span> <span class='ocrx_word' id='word_1_392' title='bbox 1396 3540 1579 3603; x_wconf 86' lang='lat' dir='ltr'><strong>districtam</strong></span> <span class='ocrx_word' id='word_1_393' title='bbox 1613 3539 1913 3602; x_wconf 87' lang='lat' dir='ltr'><strong>examinationem.</strong></span> 
     </span>
     <span class='ocr_line' id='line_1_34' title="bbox 260 3623 1915 3718; baseline 0 -18"><span class='ocrx_word' id='word_1_394' title='bbox 260 3639 297 3700; x_wconf 90' lang='lat' dir='ltr'><strong>nt</strong></span> <span class='ocrx_word' id='word_1_395' title='bbox 314 3639 443 3700; x_wconf 89' lang='lat' dir='ltr'><strong>animas</strong></span> <span class='ocrx_word' id='word_1_396' title='bbox 459 3640 499 3700; x_wconf 93' lang='lat' dir='ltr'><strong>de</strong></span> <span class='ocrx_word' id='word_1_397' title='bbox 518 3640 712 3718; x_wconf 84' lang='lat' dir='ltr'><strong>corporibus</strong></span> <span class='ocrx_word' id='word_1_398' title='bbox 727 3639 850 3702; x_wconf 90' lang='lat' dir='ltr'><strong>nostris</strong></span> <span class='ocrx_word' id='word_1_399' title='bbox 864 3639 968 3711; x_wconf 88' lang='lat' dir='ltr'><strong>tollat,</strong></span> <span class='ocrx_word' id='word_1_400' title='bbox 987 3637 1056 3714; x_wconf 90' lang='lat' dir='ltr'><strong>ipse</strong></span> <span class='ocrx_word' id='word_1_401' title='bbox 1112 3639 1195 3711; x_wconf 87' lang='lat' dir='ltr'><strong>Quia</strong></span> <span class='ocrx_word' id='word_1_402' title='bbox 1209 3639 1256 3700; x_wconf 89' lang='lat' dir='ltr'><strong>ibi</strong></span> <span class='ocrx_word' id='word_1_403' title='bbox 1279 3623 1406 3700; x_wconf 88' lang='lat' dir='ltr'><strong>nullum</strong></span> <span class='ocrx_word' id='word_1_404' title='bbox 1422 3639 1544 3700; x_wconf 88' lang='lat' dir='ltr'><strong>malum</strong></span> <span class='ocrx_word' id='word_1_405' title='bbox 1560 3638 1624 3700; x_wconf 90' lang='lat' dir='ltr'><strong>erit</strong></span> <span class='ocrx_word' id='word_1_406' title='bbox 1644 3637 1858 3715; x_wconf 90' lang='lat' dir='ltr'><strong>impunitum,</strong></span> <span class='ocrx_word' id='word_1_407' title='bbox 1879 3641 1915 3700; x_wconf 88' lang='lat' dir='ltr'><strong>et</strong></span> 
     </span>
     <span class='ocr_line' id='line_1_35' title="bbox 260 3735 1914 3813; baseline -0.001 -17"><span class='ocrx_word' id='word_1_408' title='bbox 260 3735 308 3796; x_wconf 90' lang='lat' dir='ltr'><strong>ait</strong></span> <span class='ocrx_word' id='word_1_409' title='bbox 335 3737 370 3795; x_wconf 91' lang='lat' dir='ltr'><strong>in</strong></span> <span class='ocrx_word' id='word_1_410' title='bbox 394 3738 595 3813; x_wconf 84' lang='lat' dir='ltr'><strong>Evangelio:</strong></span> <span class='ocrx_word' id='word_1_411' title='bbox 632 3737 783 3813; x_wconf 77' lang='lat' dir='ltr'><strong>Vip&#39;iiote,</strong></span> <span class='ocrx_word' id='word_1_412' title='bbox 812 3739 893 3810; x_wconf 73' lang='lat' dir='ltr'><strong>onio</strong></span> <span class='ocrx_word' id='word_1_413' title='bbox 917 3737 1057 3798; x_wconf 84' lang='lat' dir='ltr'><strong>nescitis</strong></span> <span class='ocrx_word' id='word_1_414' title='bbox 1111 3736 1368 3798; x_wconf 90' lang='lat' dir='ltr'><strong>nullumbonum</strong></span> <span class='ocrx_word' id='word_1_415' title='bbox 1378 3738 1668 3798; x_wconf 88' lang='lat' dir='ltr'><strong>irremuneratum.</strong></span> <span class='ocrx_word' id='word_1_416' title='bbox 1680 3735 1774 3798; x_wconf 90' lang='lat' dir='ltr'><strong>Unde</strong></span> <span class='ocrx_word' id='word_1_417' title='bbox 1784 3737 1914 3796; x_wconf 87' lang='lat' dir='ltr'><strong>isaias:</strong></span> 
     </span>
     <span class='ocr_line' id='line_1_36' title="bbox 260 3833 1914 3910; baseline 0.002 -17"><span class='ocrx_word' id='word_1_418' title='bbox 260 3847 330 3906; x_wconf 75' lang='lat' dir='ltr'><strong>qno</strong></span> <span class='ocrx_word' id='word_1_419' title='bbox 358 3836 445 3895; x_wconf 79' lang='lat' dir='ltr'><strong>noro</strong></span> <span class='ocrx_word' id='word_1_420' title='bbox 470 3839 639 3896; x_wconf 77' lang='lat' dir='ltr'><strong>Dominus</strong></span> <span class='ocrx_word' id='word_1_421' title='bbox 671 3835 786 3894; x_wconf 79' lang='lat' dir='ltr'><strong>aester</strong></span> <span class='ocrx_word' id='word_1_422' title='bbox 812 3834 981 3894; x_wconf 74' lang='lat' dir='ltr'><strong>ociitnrns</strong></span> <span class='ocrx_word' id='word_1_423' title='bbox 1005 3833 1056 3893; x_wconf 84' lang='lat' dir='ltr'><strong>cst</strong></span> <span class='ocrx_word' id='word_1_424' title='bbox 1110 3839 1197 3896; x_wconf 77' lang='lat' dir='ltr'><strong>Ecce</strong></span> <span class='ocrx_word' id='word_1_425' title='bbox 1221 3849 1346 3896; x_wconf 75' lang='lat' dir='ltr'><strong>laomen</strong></span> <span class='ocrx_word' id='word_1_426' title='bbox 1368 3837 1509 3897; x_wconf 80' lang='lat' dir='ltr'><strong>Domini</strong></span> <span class='ocrx_word' id='word_1_427' title='bbox 1529 3836 1624 3896; x_wconf 68' lang='lat' dir='ltr'><strong>cciiii</strong></span> <span class='ocrx_word' id='word_1_428' title='bbox 1646 3836 1687 3895; x_wconf 89' lang='grc' dir='ltr'><strong>αθ</strong></span> <span class='ocrx_word' id='word_1_429' title='bbox 1712 3837 1914 3910; x_wconf 77' lang='lat' dir='ltr'><strong>ionotnqno,</strong></span> 
     </span>
     <span class='ocr_line' id='line_1_37' title="bbox 262 3929 1913 4011; baseline 0.001 -21"><span class='ocrx_word' id='word_1_430' title='bbox 262 3929 381 4010; x_wconf 87' lang='lat' dir='ltr'><strong>(Math.</strong></span> <span class='ocrx_word' id='word_1_431' title='bbox 405 3947 506 4004; x_wconf 75' lang='lat' dir='ltr'><strong>xxxv,</strong></span> <span class='ocrx_word' id='word_1_432' title='bbox 537 3929 603 4011; x_wconf 81' lang='lat'><strong>42).</strong></span> <span class='ocrx_word' id='word_1_433' title='bbox 632 3931 746 3993; x_wconf 88' lang='lat' dir='ltr'><strong>Nescit</strong></span> <span class='ocrx_word' id='word_1_434' title='bbox 772 3931 860 3991; x_wconf 88' lang='lat' dir='ltr'><strong>enim</strong></span> <span class='ocrx_word' id='word_1_435' title='bbox 884 3930 994 4003; x_wconf 90' lang='lat' dir='ltr'><strong>homo,</strong></span> <span class='ocrx_word' id='word_1_436' title='bbox 1021 3931 1057 3994; x_wconf 90' lang='lat' dir='ltr'><strong>ut</strong></span> <span class='ocrx_word' id='word_1_437' title='bbox 1110 3933 1913 4008; x_wconf 79' lang='lat' dir='ltr'><strong>ordcnssnroncjne,ctprootsndpontondnm.</strong></span> 
     </span>
     <span class='ocr_line' id='line_1_38' title="bbox 262 4026 1917 4106; baseline 0.001 -18"><span class='ocrx_word' id='word_1_438' title='bbox 262 4027 418 4089; x_wconf 90' lang='lat' dir='ltr'><strong>Salomon</strong></span> <span class='ocrx_word' id='word_1_439' title='bbox 436 4028 493 4102; x_wconf 90' lang='lat' dir='ltr'><strong>ait,</strong></span> <span class='ocrx_word' id='word_1_440' title='bbox 510 4029 609 4090; x_wconf 88' lang='lat' dir='ltr'><strong>linem</strong></span> <span class='ocrx_word' id='word_1_441' title='bbox 629 4044 736 4089; x_wconf 90' lang='lat' dir='ltr'><strong>suum.</strong></span> <span class='ocrx_word' id='word_1_442' title='bbox 755 4028 819 4089; x_wconf 90' lang='lat' dir='ltr'><strong>Sed</strong></span> <span class='ocrx_word' id='word_1_443' title='bbox 842 4027 928 4088; x_wconf 89' lang='lat' dir='ltr'><strong>sicut</strong></span> <span class='ocrx_word' id='word_1_444' title='bbox 948 4026 1055 4104; x_wconf 90' lang='lat' dir='ltr'><strong>pisces</strong></span> <span class='ocrx_word' id='word_1_445' title='bbox 1110 4034 1216 4093; x_wconf 83' lang='lat' dir='ltr'><strong>Lnbio</strong></span> <span class='ocrx_word' id='word_1_446' title='bbox 1228 4034 1305 4104; x_wconf 82' lang='lat' dir='ltr'><strong>ojns</strong></span> <span class='ocrx_word' id='word_1_447' title='bbox 1318 4031 1450 4106; x_wconf 82' lang='lat' dir='ltr'><strong>repieta</strong></span> <span class='ocrx_word' id='word_1_448' title='bbox 1459 4031 1540 4092; x_wconf 75' lang='lat' dir='ltr'><strong>soant</strong></span> <span class='ocrx_word' id='word_1_449' title='bbox 1550 4029 1787 4104; x_wconf 77' lang='lat' dir='ltr'><strong>indionnttone</strong></span> <span class='ocrx_word' id='word_1_450' title='bbox 1799 4030 1835 4090; x_wconf 86' lang='lat' dir='ltr'><strong>et</strong></span> <span class='ocrx_word' id='word_1_451' title='bbox 1850 4033 1917 4090; x_wconf 86' lang='lat' dir='ltr'><strong>iin-</strong></span> 
     </span>
     <span class='ocr_line' id='line_1_39' title="bbox 260 4123 1913 4206; baseline -0.001 -19"><span class='ocrx_word' id='word_1_452' title='bbox 260 4125 437 4203; x_wconf 90' lang='lat' dir='ltr'><strong>capiuntur</strong></span> <span class='ocrx_word' id='word_1_453' title='bbox 450 4127 561 4200; x_wconf 89' lang='lat' dir='ltr'><strong>hamc,</strong></span> <span class='ocrx_word' id='word_1_454' title='bbox 578 4129 610 4188; x_wconf 90' lang='lat' dir='ltr'><strong>et</strong></span> <span class='ocrx_word' id='word_1_455' title='bbox 633 4126 719 4195; x_wconf 88' lang='lat' dir='ltr'><strong>sicut</strong></span> <span class='ocrx_word' id='word_1_456' title='bbox 742 4141 821 4186; x_wconf 91' lang='lat' dir='ltr'><strong>aves</strong></span> <span class='ocrx_word' id='word_1_457' title='bbox 836 4125 1057 4202; x_wconf 84' lang='lat' dir='ltr'><strong>comprehen-</strong></span> <span class='ocrx_word' id='word_1_458' title='bbox 1109 4145 1178 4206; x_wconf 74' lang='lat' dir='ltr'><strong>ono</strong></span> <span class='ocrx_word' id='word_1_459' title='bbox 1190 4131 1266 4201; x_wconf 77' lang='lat' dir='ltr'><strong>ejus</strong></span> <span class='ocrx_word' id='word_1_460' title='bbox 1284 4132 1383 4203; x_wconf 82' lang='lat' dir='ltr'><strong>qnasi</strong></span> <span class='ocrx_word' id='word_1_461' title='bbox 1397 4131 1488 4204; x_wconf 76' lang='lat' dir='ltr'><strong>ionis</strong></span> <span class='ocrx_word' id='word_1_462' title='bbox 1500 4129 1672 4188; x_wconf 80' lang='lat' dir='ltr'><strong>decorans</strong></span> <span class='ocrx_word' id='word_1_463' title='bbox 1685 4123 1741 4205; x_wconf 89' lang='lat' dir='ltr'><strong>(Is.</strong></span> <span class='ocrx_word' id='word_1_464' title='bbox 1755 4141 1841 4197; x_wconf 89' lang='lat' dir='ltr'><strong>xxx,</strong></span> <span class='ocrx_word' id='word_1_465' title='bbox 1858 4128 1913 4197; x_wconf 87' lang='grc'><strong>27,</strong></span> 
     </span>
     <span class='ocr_line' id='line_1_40' title="bbox 261 4222 1918 4307; baseline 0.001 -24"><span class='ocrx_word' id='word_1_466' title='bbox 261 4222 383 4285; x_wconf 89' lang='lat' dir='ltr'><strong>duntur</strong></span> <span class='ocrx_word' id='word_1_467' title='bbox 394 4224 525 4302; x_wconf 86' lang='lat' dir='ltr'><strong>laqueo,</strong></span> <span class='ocrx_word' id='word_1_468' title='bbox 545 4225 592 4286; x_wconf 87' lang='lat' dir='ltr'><strong>sic</strong></span> <span class='ocrx_word' id='word_1_469' title='bbox 608 4223 785 4302; x_wconf 90' lang='lat' dir='ltr'><strong>capiuntur</strong></span> <span class='ocrx_word' id='word_1_470' title='bbox 801 4222 952 4284; x_wconf 89' lang='lat' dir='ltr'><strong>homiues</strong></span> <span class='ocrx_word' id='word_1_471' title='bbox 967 4225 1055 4285; x_wconf 89' lang='lat' dir='ltr'><strong>tem·-</strong></span> <span class='ocrx_word' id='word_1_472' title='bbox 1109 4226 1175 4307; x_wconf 80' lang='lat'><strong>28).</strong></span> <span class='ocrx_word' id='word_1_473' title='bbox 1196 4229 1243 4287; x_wconf 91' lang='lat' dir='ltr'><strong>De</strong></span> <span class='ocrx_word' id='word_1_474' title='bbox 1257 4228 1321 4288; x_wconf 90' lang='lat' dir='ltr'><strong>hoc</strong></span> <span class='ocrx_word' id='word_1_475' title='bbox 1337 4226 1471 4287; x_wconf 90' lang='lat' dir='ltr'><strong>nomine</strong></span> <span class='ocrx_word' id='word_1_476' title='bbox 1490 4224 1718 4302; x_wconf 86' lang='lat' dir='ltr'><strong>scriptumest</strong></span> <span class='ocrx_word' id='word_1_477' title='bbox 1737 4223 1774 4284; x_wconf 90' lang='lat' dir='ltr'><strong>in</strong></span> <span class='ocrx_word' id='word_1_478' title='bbox 1797 4225 1918 4284; x_wconf 86' lang='lat' dir='ltr'><strong>Evan-</strong></span> 
     </span>
     <span class='ocr_line' id='line_1_41' title="bbox 260 4321 1915 4402; baseline 0 -19"><span class='ocrx_word' id='word_1_479' title='bbox 260 4337 341 4398; x_wconf 87' lang='lat' dir='ltr'><strong>pore</strong></span> <span class='ocrx_word' id='word_1_480' title='bbox 364 4324 464 4392; x_wconf 89' lang='lat' dir='ltr'><strong>malo,</strong></span> <span class='ocrx_word' id='word_1_481' title='bbox 487 4324 574 4386; x_wconf 87' lang='lat' dir='ltr'><strong>idest</strong></span> <span class='ocrx_word' id='word_1_482' title='bbox 595 4324 744 4400; x_wconf 83' lang='lat' dir='ltr'><strong>tempore</strong></span> <span class='ocrx_word' id='word_1_483' title='bbox 765 4321 892 4392; x_wconf 78' lang='lat' dir='ltr'><strong>mertia,</strong></span> <span class='ocrx_word' id='word_1_484' title='bbox 916 4321 1055 4382; x_wconf 92' lang='lat' dir='ltr'><strong>cumeis</strong></span> <span class='ocrx_word' id='word_1_485' title='bbox 1109 4325 1197 4402; x_wconf 82' lang='lat' dir='ltr'><strong>gello</strong></span> <span class='ocrx_word' id='word_1_486' title='bbox 1227 4325 1393 4388; x_wconf 81' lang='lat' dir='ltr'><strong>loannis:</strong></span> <span class='ocrx_word' id='word_1_487' title='bbox 1425 4327 1498 4400; x_wconf 75' lang='lat' dir='ltr'><strong>Epo</strong></span> <span class='ocrx_word' id='word_1_488' title='bbox 1527 4323 1752 4396; x_wconf 76' lang='lat' dir='ltr'><strong>manifestavi</strong></span> <span class='ocrx_word' id='word_1_489' title='bbox 1781 4335 1915 4383; x_wconf 75' lang='grc' dir='ltr'><em>αοριθα</em></span> 
     </span>
     <span class='ocr_line' id='line_1_42' title="bbox 260 4417 1915 4498; baseline -0.001 -17"><span class='ocrx_word' id='word_1_490' title='bbox 260 4419 425 4498; x_wconf 88' lang='lat' dir='ltr'><strong>extemplo</strong></span> <span class='ocrx_word' id='word_1_491' title='bbox 440 4421 676 4498; x_wconf 89' lang='lat' dir='ltr'><strong>idemrepente</strong></span> <span class='ocrx_word' id='word_1_492' title='bbox 694 4417 934 4496; x_wconf 86' lang='lat' dir='ltr'><strong>supervenerit.</strong></span> <span class='ocrx_word' id='word_1_493' title='bbox 952 4421 1052 4480; x_wconf 91' lang='lat' dir='ltr'><strong>Item:</strong></span> <span class='ocrx_word' id='word_1_494' title='bbox 1111 4426 1209 4487; x_wconf 75' lang='lat' dir='ltr'><strong>tunm</strong></span> <span class='ocrx_word' id='word_1_495' title='bbox 1239 4426 1448 4493; x_wconf 74' lang='lat' dir='ltr'><strong>nominibus,</strong></span> <span class='ocrx_word' id='word_1_496' title='bbox 1482 4436 1566 4495; x_wconf 81' lang='lat' dir='ltr'><strong>qnos</strong></span> <span class='ocrx_word' id='word_1_497' title='bbox 1597 4420 1721 4482; x_wconf 81' lang='lat' dir='ltr'><strong>dedisti</strong></span> <span class='ocrx_word' id='word_1_498' title='bbox 1753 4423 1843 4482; x_wconf 77' lang='lat' dir='ltr'><strong>milri</strong></span> <span class='ocrx_word' id='word_1_499' title='bbox 1870 4423 1915 4481; x_wconf 89' lang='grc' dir='ltr'><strong>αθ</strong></span> 
     </span>
     <span class='ocr_line' id='line_1_43' title="bbox 259 4517 1914 4600; baseline -0.002 -19"><span class='ocrx_word' id='word_1_500' title='bbox 259 4519 369 4581; x_wconf 77' lang='lat' dir='ltr'><strong>Neine</strong></span> <span class='ocrx_word' id='word_1_501' title='bbox 382 4518 434 4580; x_wconf 86' lang='lat' dir='ltr'><strong>cst</strong></span> <span class='ocrx_word' id='word_1_502' title='bbox 445 4521 503 4592; x_wconf 75' lang='lat' dir='ltr'><strong>qni</strong></span> <span class='ocrx_word' id='word_1_503' title='bbox 514 4533 652 4592; x_wconf 85' lang='lat' dir='ltr'><strong>semper</strong></span> <span class='ocrx_word' id='word_1_504' title='bbox 663 4518 763 4578; x_wconf 86' lang='lat' dir='ltr'><strong>vient</strong></span> <span class='ocrx_word' id='word_1_505' title='bbox 776 4517 810 4576; x_wconf 89' lang='lat' dir='ltr'><strong>ot</strong></span> <span class='ocrx_word' id='word_1_506' title='bbox 824 4519 882 4589; x_wconf 78' lang='lat' dir='ltr'><strong>ocni</strong></span> <span class='ocrx_word' id='word_1_507' title='bbox 892 4521 1055 4590; x_wconf 68' lang='lat' dir='ltr'><strong>temneret</strong></span> <span class='ocrx_word' id='word_1_508' title='bbox 1109 4525 1236 4584; x_wconf 89' lang='lat' dir='ltr'><strong>mnndo</strong></span> <span class='ocrx_word' id='word_1_509' title='bbox 1257 4518 1367 4600; x_wconf 80' lang='lat' dir='ltr'><strong>(toan.</strong></span> <span class='ocrx_word' id='word_1_510' title='bbox 1390 4535 1474 4590; x_wconf 86' lang='lat' dir='ltr'><strong>xvn,</strong></span> <span class='ocrx_word' id='word_1_511' title='bbox 1499 4519 1545 4596; x_wconf 86' lang='grc'><strong>6).</strong></span> <span class='ocrx_word' id='word_1_512' title='bbox 1567 4519 1707 4594; x_wconf 88' lang='lat' dir='ltr'><strong>Propter</strong></span> <span class='ocrx_word' id='word_1_513' title='bbox 1721 4517 1808 4594; x_wconf 85' lang='lat' dir='ltr'><strong>quod</strong></span> <span class='ocrx_word' id='word_1_514' title='bbox 1835 4517 1914 4594; x_wconf 90' lang='lat' dir='ltr'><strong>ipse</strong></span> 
     </span>
     <span class='ocr_line' id='line_1_44' title="bbox 260 4613 1914 4694; baseline -0.001 -17"><span class='ocrx_word' id='word_1_515' title='bbox 260 4617 382 4677; x_wconf 83' lang='lat' dir='ltr'><strong>babeat</strong></span> <span class='ocrx_word' id='word_1_516' title='bbox 402 4618 564 4688; x_wconf 70' lang='lat' dir='ltr'><strong>ndnctom</strong></span> <span class='ocrx_word' id='word_1_517' title='bbox 588 4613 693 4694; x_wconf 82' lang='lat' dir='ltr'><strong>(Eccl.</strong></span> <span class='ocrx_word' id='word_1_518' title='bbox 712 4631 760 4684; x_wconf 80' lang='lat' dir='ltr'><strong>lx,</strong></span> <span class='ocrx_word' id='word_1_519' title='bbox 777 4613 818 4685; x_wconf 83' lang='grc'><strong>4).</strong></span> <span class='ocrx_word' id='word_1_520' title='bbox 843 4617 937 4678; x_wconf 90' lang='lat' dir='ltr'><strong>Unde</strong></span> <span class='ocrx_word' id='word_1_521' title='bbox 950 4615 1055 4676; x_wconf 89' lang='lat' dir='ltr'><strong>David</strong></span> <span class='ocrx_word' id='word_1_522' title='bbox 1110 4619 1226 4691; x_wconf 83' lang='lat' dir='ltr'><strong>Filius,</strong></span> <span class='ocrx_word' id='word_1_523' title='bbox 1262 4621 1377 4680; x_wconf 88' lang='lat' dir='ltr'><strong>Sermo</strong></span> <span class='ocrx_word' id='word_1_524' title='bbox 1412 4616 1521 4679; x_wconf 86' lang='lat' dir='ltr'><strong>Patris</strong></span> <span class='ocrx_word' id='word_1_525' title='bbox 1551 4617 1583 4678; x_wconf 91' lang='lat' dir='ltr'><strong>et</strong></span> <span class='ocrx_word' id='word_1_526' title='bbox 1616 4617 1745 4676; x_wconf 91' lang='lat' dir='ltr'><strong>Nomen</strong></span> <span class='ocrx_word' id='word_1_527' title='bbox 1773 4615 1914 4676; x_wconf 92' lang='lat' dir='ltr'><strong>Domini</strong></span> 
     </span>
     <span class='ocr_line' id='line_1_45' title="bbox 261 4711 1911 4792; baseline 0.002 -22"><span class='ocrx_word' id='word_1_528' title='bbox 261 4711 359 4773; x_wconf 90' lang='lat' dir='ltr'><strong>dicit:</strong></span> <span class='ocrx_word' id='word_1_529' title='bbox 377 4715 459 4780; x_wconf 80' lang='lat' dir='ltr'><strong>onia</strong></span> <span class='ocrx_word' id='word_1_530' title='bbox 471 4713 523 4774; x_wconf 86' lang='lat' dir='ltr'><strong>est</strong></span> <span class='ocrx_word' id='word_1_531' title='bbox 534 4717 633 4775; x_wconf 84' lang='lat' dir='ltr'><strong>tomo</strong></span> <span class='ocrx_word' id='word_1_532' title='bbox 647 4717 706 4787; x_wconf 78' lang='lat' dir='ltr'><strong>oni</strong></span> <span class='ocrx_word' id='word_1_533' title='bbox 720 4716 806 4776; x_wconf 85' lang='lat' dir='ltr'><strong>vivit</strong></span> <span class='ocrx_word' id='word_1_534' title='bbox 819 4715 852 4776; x_wconf 88' lang='lat' dir='ltr'><strong>ct</strong></span> <span class='ocrx_word' id='word_1_535' title='bbox 867 4730 936 4776; x_wconf 91' lang='lat' dir='ltr'><strong>non</strong></span> <span class='ocrx_word' id='word_1_536' title='bbox 957 4717 1055 4774; x_wconf 87' lang='lat' dir='ltr'><strong>cide·-</strong></span> <span class='ocrx_word' id='word_1_537' title='bbox 1109 4717 1336 4792; x_wconf 77' lang='lat' dir='ltr'><strong>nuncupatur.</strong></span> <span class='ocrx_word' id='word_1_538' title='bbox 1362 4717 1445 4776; x_wconf 83' lang='lat' dir='ltr'><strong>Ecce</strong></span> <span class='ocrx_word' id='word_1_539' title='bbox 1478 4729 1597 4775; x_wconf 91' lang='lat' dir='ltr'><strong>nomen</strong></span> <span class='ocrx_word' id='word_1_540' title='bbox 1630 4713 1787 4785; x_wconf 88' lang='lat' dir='ltr'><strong>Domini,</strong></span> <span class='ocrx_word' id='word_1_541' title='bbox 1819 4712 1911 4775; x_wconf 87' lang='lat' dir='ltr'><strong>idest</strong></span> 
     </span>
     <span class='ocr_line' id='line_1_46' title="bbox 260 4809 1912 4883; baseline 0 -13"><span class='ocrx_word' id='word_1_542' title='bbox 260 4812 308 4870; x_wconf 87' lang='lat' dir='ltr'><strong>bit</strong></span> <span class='ocrx_word' id='word_1_543' title='bbox 325 4813 496 4872; x_wconf 74' lang='lat' dir='ltr'><strong>creontem?</strong></span> <span class='ocrx_word' id='word_1_544' title='bbox 518 4813 566 4871; x_wconf 84' lang='lat' dir='ltr'><strong>Ac</strong></span> <span class='ocrx_word' id='word_1_545' title='bbox 587 4811 616 4870; x_wconf 90' lang='lat' dir='ltr'><strong>si</strong></span> <span class='ocrx_word' id='word_1_546' title='bbox 639 4811 785 4872; x_wconf 87' lang='lat' dir='ltr'><strong>diceret:</strong></span> <span class='ocrx_word' id='word_1_547' title='bbox 811 4811 931 4872; x_wconf 88' lang='lat' dir='ltr'><strong>Nullus</strong></span> <span class='ocrx_word' id='word_1_548' title='bbox 946 4811 997 4871; x_wconf 90' lang='lat' dir='ltr'><strong>est</strong></span> <span class='ocrx_word' id='word_1_549' title='bbox 1019 4809 1054 4869; x_wconf 91' lang='lat' dir='ltr'><strong>in</strong></span> <span class='ocrx_word' id='word_1_550' title='bbox 1108 4811 1245 4874; x_wconf 91' lang='lat' dir='ltr'><strong>verbum</strong></span> <span class='ocrx_word' id='word_1_551' title='bbox 1260 4811 1319 4870; x_wconf 87' lang='lat' dir='ltr'><strong>Dei</strong></span> <span class='ocrx_word' id='word_1_552' title='bbox 1332 4809 1453 4883; x_wconf 79' lang='lat' dir='ltr'><strong>Patria,</strong></span> <span class='ocrx_word' id='word_1_553' title='bbox 1478 4827 1587 4874; x_wconf 92' lang='lat' dir='ltr'><strong>sermo</strong></span> <span class='ocrx_word' id='word_1_554' title='bbox 1607 4810 1782 4881; x_wconf 89' lang='lat' dir='ltr'><strong>Altissimi,</strong></span> <span class='ocrx_word' id='word_1_555' title='bbox 1801 4810 1912 4871; x_wconf 81' lang='lat' dir='ltr'><strong>Filius</strong></span> 
     </span>
     <span class='ocr_line' id='line_1_47' title="bbox 259 4907 1912 4985; baseline 0.002 -19"><span class='ocrx_word' id='word_1_556' title='bbox 259 4907 381 4968; x_wconf 91' lang='lat' dir='ltr'><strong>mundo</strong></span> <span class='ocrx_word' id='word_1_557' title='bbox 397 4908 453 4983; x_wconf 87' lang='lat' dir='ltr'><strong>qni</strong></span> <span class='ocrx_word' id='word_1_558' title='bbox 475 4923 542 4968; x_wconf 90' lang='lat' dir='ltr'><strong>non</strong></span> <span class='ocrx_word' id='word_1_559' title='bbox 561 4907 722 4969; x_wconf 86' lang='lat' dir='ltr'><strong>moriatur</strong></span> <span class='ocrx_word' id='word_1_560' title='bbox 742 4909 777 4968; x_wconf 88' lang='lat' dir='ltr'><strong>in</strong></span> <span class='ocrx_word' id='word_1_561' title='bbox 797 4925 946 4985; x_wconf 88' lang='lat' dir='ltr'><strong>corpore.</strong></span> <span class='ocrx_word' id='word_1_562' title='bbox 969 4909 1054 4968; x_wconf 88' lang='lat' dir='ltr'><strong>Nam</strong></span> <span class='ocrx_word' id='word_1_563' title='bbox 1110 4908 1226 4970; x_wconf 88' lang='lat' dir='ltr'><strong>aeterni</strong></span> <span class='ocrx_word' id='word_1_564' title='bbox 1243 4907 1343 4982; x_wconf 82' lang='lat' dir='ltr'><strong>Regis</strong></span> <span class='ocrx_word' id='word_1_565' title='bbox 1360 4907 1452 4970; x_wconf 88' lang='lat' dir='ltr'><strong>venit</strong></span> <span class='ocrx_word' id='word_1_566' title='bbox 1469 4907 1510 4970; x_wconf 93' lang='lat' dir='ltr'><strong>de</strong></span> <span class='ocrx_word' id='word_1_567' title='bbox 1532 4909 1725 4985; x_wconf 80' lang='lat' dir='ltr'><strong>longinquo,</strong></span> <span class='ocrx_word' id='word_1_568' title='bbox 1748 4907 1847 4981; x_wconf 86' lang='lat' dir='ltr'><strong>idest,</strong></span> <span class='ocrx_word' id='word_1_569' title='bbox 1869 4908 1912 4970; x_wconf 91' lang='lat' dir='ltr'><strong>de</strong></span> 
     </span>
     <span class='ocr_line' id='line_1_48' title="bbox 260 5002 1913 5082; baseline 0.002 -19"><span class='ocrx_word' id='word_1_570' title='bbox 260 5002 309 5063; x_wconf 93' lang='lat' dir='ltr'><strong>nil</strong></span> <span class='ocrx_word' id='word_1_571' title='bbox 336 5003 458 5064; x_wconf 86' lang='lat' dir='ltr'><strong>certius</strong></span> <span class='ocrx_word' id='word_1_572' title='bbox 484 5005 605 5074; x_wconf 87' lang='lat' dir='ltr'><strong>morte,</strong></span> <span class='ocrx_word' id='word_1_573' title='bbox 633 5003 667 5064; x_wconf 89' lang='lat' dir='ltr'><strong>et</strong></span> <span class='ocrx_word' id='word_1_574' title='bbox 694 5004 778 5064; x_wconf 89' lang='lat' dir='ltr'><strong>nihil</strong></span> <span class='ocrx_word' id='word_1_575' title='bbox 808 5004 899 5065; x_wconf 88' lang='lat' dir='ltr'><strong>dubii</strong></span> <span class='ocrx_word' id='word_1_576' title='bbox 926 5021 989 5081; x_wconf 88' lang='lat' dir='ltr'><strong>quo</strong></span> <span class='ocrx_word' id='word_1_577' title='bbox 1022 5005 1056 5066; x_wconf 93' lang='lat' dir='ltr'><strong>et</strong></span> <span class='ocrx_word' id='word_1_578' title='bbox 1109 5002 1298 5066; x_wconf 79' lang='lat' dir='ltr'><strong>coelestibus</strong></span> <span class='ocrx_word' id='word_1_579' title='bbox 1317 5003 1450 5079; x_wconf 79' lang='lat' dir='ltr'><strong>reguis,</strong></span> <span class='ocrx_word' id='word_1_580' title='bbox 1477 5005 1601 5068; x_wconf 88' lang='lat' dir='ltr'><strong>idesta</strong></span> <span class='ocrx_word' id='word_1_581' title='bbox 1623 5004 1793 5082; x_wconf 85' lang='lat' dir='ltr'><strong>regalibus</strong></span> <span class='ocrx_word' id='word_1_582' title='bbox 1817 5005 1913 5066; x_wconf 90' lang='lat' dir='ltr'><strong>sedi-</strong></span> 
     </span>
     <span class='ocr_line' id='line_1_49' title="bbox 260 5099 1913 5178; baseline 0.002 -17"><span class='ocrx_word' id='word_1_583' title='bbox 260 5100 392 5178; x_wconf 89' lang='lat' dir='ltr'><strong>quando</strong></span> <span class='ocrx_word' id='word_1_584' title='bbox 418 5100 451 5161; x_wconf 86' lang='lat' dir='ltr'><strong>et</strong></span> <span class='ocrx_word' id='word_1_585' title='bbox 479 5099 651 5176; x_wconf 87' lang='lat' dir='ltr'><strong>quomodo.</strong></span> <span class='ocrx_word' id='word_1_586' title='bbox 681 5101 774 5160; x_wconf 90' lang='lat' dir='ltr'><strong>Unde</strong></span> <span class='ocrx_word' id='word_1_587' title='bbox 800 5101 1022 5178; x_wconf 82' lang='lat' dir='ltr'><strong>Hieronymus</strong></span> <span class='ocrx_word' id='word_1_588' title='bbox 1044 5118 1052 5156; x_wconf 76' lang='grc' dir='ltr'><em>τ</em></span> <span class='ocrx_word' id='word_1_589' title='bbox 1108 5101 1169 5162; x_wconf 90' lang='lat' dir='ltr'><strong>bns</strong></span> <span class='ocrx_word' id='word_1_590' title='bbox 1186 5101 1288 5162; x_wconf 89' lang='lat' dir='ltr'><strong>veuit.</strong></span> <span class='ocrx_word' id='word_1_591' title='bbox 1306 5102 1442 5172; x_wconf 89' lang='lat' dir='ltr'><strong>Quando</strong></span> <span class='ocrx_word' id='word_1_592' title='bbox 1463 5103 1578 5165; x_wconf 85' lang='lat' dir='ltr'><strong>veniit</strong></span> <span class='ocrx_word' id='word_1_593' title='bbox 1597 5104 1679 5165; x_wconf 91' lang='lat' dir='ltr'><strong>Post</strong></span> <span class='ocrx_word' id='word_1_594' title='bbox 1695 5103 1801 5164; x_wconf 88' lang='lat' dir='ltr'><strong>multa</strong></span> <span class='ocrx_word' id='word_1_595' title='bbox 1821 5103 1913 5165; x_wconf 90' lang='lat' dir='ltr'><strong>tem-</strong></span> 
     </span>
     <span class='ocr_line' id='line_1_50' title="bbox 260 5195 1910 5278; baseline 0.002 -20"><span class='ocrx_word' id='word_1_596' title='bbox 260 5215 279 5258; x_wconf 80' lang='lat'>«</span> <span class='ocrx_word' id='word_1_597' title='bbox 300 5198 395 5260; x_wconf 90' lang='lat' dir='ltr'><strong>Latet</strong></span> <span class='ocrx_word' id='word_1_598' title='bbox 409 5197 545 5259; x_wconf 90' lang='lat' dir='ltr'><strong>ultimus</strong></span> <span class='ocrx_word' id='word_1_599' title='bbox 560 5196 642 5268; x_wconf 86' lang='lat' dir='ltr'><strong>dies,</strong></span> <span class='ocrx_word' id='word_1_600' title='bbox 659 5197 695 5257; x_wconf 90' lang='lat' dir='ltr'><strong>nt</strong></span> <span class='ocrx_word' id='word_1_601' title='bbox 708 5195 926 5258; x_wconf 88' lang='lat' dir='ltr'><strong>observentur</strong></span> <span class='ocrx_word' id='word_1_602' title='bbox 940 5213 1054 5258; x_wconf 88' lang='lat' dir='ltr'><strong>omncs</strong></span> <span class='ocrx_word' id='word_1_603' title='bbox 1109 5213 1201 5274; x_wconf 90' lang='lat' dir='ltr'><strong>pora.</strong></span> <span class='ocrx_word' id='word_1_604' title='bbox 1219 5197 1282 5257; x_wconf 87' lang='lat' dir='ltr'><strong>Sed</strong></span> <span class='ocrx_word' id='word_1_605' title='bbox 1306 5199 1470 5273; x_wconf 83' lang='lat' dir='ltr'><strong>quomodo</strong></span> <span class='ocrx_word' id='word_1_606' title='bbox 1493 5201 1605 5262; x_wconf 85' lang='lat' dir='ltr'><strong>venitl</strong></span> <span class='ocrx_word' id='word_1_607' title='bbox 1618 5201 1792 5263; x_wconf 76' lang='lat' dir='ltr'><strong>iucundus</strong></span> <span class='ocrx_word' id='word_1_608' title='bbox 1805 5201 1910 5278; x_wconf 86' lang='lat' dir='ltr'><strong>justis</strong></span> 
     </span>
     <span class='ocr_line' id='line_1_51' title="bbox 259 5293 1908 5376; baseline 0.001 -18"><span class='ocrx_word' id='word_1_609' title='bbox 259 5297 342 5359; x_wconf 89' lang='lat' dir='ltr'><strong>dies.</strong></span> <span class='ocrx_word' id='word_1_610' title='bbox 358 5313 377 5356; x_wconf 74' lang='lat' dir='ltr'><strong>s</strong></span> <span class='ocrx_word' id='word_1_611' title='bbox 392 5296 432 5356; x_wconf 83' lang='lat' dir='ltr'><strong>nt</strong></span> <span class='ocrx_word' id='word_1_612' title='bbox 450 5295 565 5356; x_wconf 87' lang='lat' dir='ltr'><strong>beatus</strong></span> <span class='ocrx_word' id='word_1_613' title='bbox 581 5293 781 5369; x_wconf 79' lang='lat' dir='ltr'><strong>Gregorius:</strong></span> <span class='ocrx_word' id='word_1_614' title='bbox 798 5310 817 5352; x_wconf 76' lang='lat' dir='ltr'><strong>s</strong></span> <span class='ocrx_word' id='word_1_615' title='bbox 839 5296 962 5354; x_wconf 92' lang='lat' dir='ltr'><strong>Horam</strong></span> <span class='ocrx_word' id='word_1_616' title='bbox 977 5295 1053 5356; x_wconf 84' lang='lat' dir='ltr'><strong>vitae</strong></span> <span class='ocrx_word' id='word_1_617' title='bbox 1108 5295 1142 5354; x_wconf 91' lang='lat' dir='ltr'><strong>et</strong></span> <span class='ocrx_word' id='word_1_618' title='bbox 1153 5294 1258 5354; x_wconf 89' lang='lat' dir='ltr'><strong>iratus</strong></span> <span class='ocrx_word' id='word_1_619' title='bbox 1271 5294 1392 5371; x_wconf 84' lang='lat' dir='ltr'><strong>impiis.</strong></span> <span class='ocrx_word' id='word_1_620' title='bbox 1408 5299 1427 5358; x_wconf 84' lang='lat' dir='ltr'>J</span> <span class='ocrx_word' id='word_1_621' title='bbox 1431 5297 1580 5358; x_wconf 90' lang='lat' dir='ltr'><strong>ucundus</strong></span> <span class='ocrx_word' id='word_1_622' title='bbox 1597 5299 1711 5376; x_wconf 85' lang='lat' dir='ltr'><strong>justis,</strong></span> <span class='ocrx_word' id='word_1_623' title='bbox 1730 5297 1808 5375; x_wconf 87' lang='lat' dir='ltr'><strong>quia</strong></span> <span class='ocrx_word' id='word_1_624' title='bbox 1825 5300 1908 5360; x_wconf 89' lang='lat' dir='ltr'><strong>tunc</strong></span> 
     </span>
     <span class='ocr_line' id='line_1_52' title="bbox 260 5388 1911 5471; baseline -0.001 -14"><span class='ocrx_word' id='word_1_625' title='bbox 260 5394 410 5458; x_wconf 90' lang='lat' dir='ltr'><strong>ultimam</strong></span> <span class='ocrx_word' id='word_1_626' title='bbox 429 5393 587 5454; x_wconf 89' lang='lat' dir='ltr'><strong>Dominus</strong></span> <span class='ocrx_word' id='word_1_627' title='bbox 609 5391 721 5452; x_wconf 88' lang='lat' dir='ltr'><strong>noster</strong></span> <span class='ocrx_word' id='word_1_628' title='bbox 740 5390 864 5450; x_wconf 87' lang='lat' dir='ltr'><strong>idcirco</strong></span> <span class='ocrx_word' id='word_1_629' title='bbox 879 5389 974 5451; x_wconf 89' lang='lat' dir='ltr'><strong>nobis</strong></span> <span class='ocrx_word' id='word_1_630' title='bbox 990 5407 1052 5451; x_wconf 93' lang='lat' dir='ltr'><strong>vo·</strong></span> <span class='ocrx_word' id='word_1_631' title='bbox 1110 5388 1262 5451; x_wconf 87' lang='lat' dir='ltr'><strong>Salvator</strong></span> <span class='ocrx_word' id='word_1_632' title='bbox 1288 5391 1491 5467; x_wconf 87' lang='lat' dir='ltr'><strong>adjudicabit</strong></span> <span class='ocrx_word' id='word_1_633' title='bbox 1507 5395 1608 5471; x_wconf 80' lang='lat' dir='ltr'><strong>Justis</strong></span> <span class='ocrx_word' id='word_1_634' title='bbox 1637 5411 1778 5471; x_wconf 85' lang='lat' dir='ltr'><strong>regnum</strong></span> <span class='ocrx_word' id='word_1_635' title='bbox 1803 5396 1911 5456; x_wconf 88' lang='lat' dir='ltr'><strong>coelo-</strong></span> 
     </span>
     <span class='ocr_line' id='line_1_53' title="bbox 259 5486 1906 5566; baseline -0.001 -11"><span class='ocrx_word' id='word_1_636' title='bbox 259 5493 321 5556; x_wconf 91' lang='lat' dir='ltr'><strong>luit</strong></span> <span class='ocrx_word' id='word_1_637' title='bbox 335 5507 408 5554; x_wconf 87' lang='lat' dir='ltr'><strong>esse</strong></span> <span class='ocrx_word' id='word_1_638' title='bbox 423 5489 636 5566; x_wconf 84' lang='lat' dir='ltr'><strong>incognitam,</strong></span> <span class='ocrx_word' id='word_1_639' title='bbox 660 5490 696 5550; x_wconf 89' lang='lat' dir='ltr'><strong>ut</strong></span> <span class='ocrx_word' id='word_1_640' title='bbox 710 5502 840 5562; x_wconf 89' lang='lat' dir='ltr'><strong>semper</strong></span> <span class='ocrx_word' id='word_1_641' title='bbox 859 5486 963 5564; x_wconf 88' lang='lat' dir='ltr'><strong>possit</strong></span> <span class='ocrx_word' id='word_1_642' title='bbox 980 5503 1053 5547; x_wconf 88' lang='lat' dir='ltr'><strong>esse</strong></span> <span class='ocrx_word' id='word_1_643' title='bbox 1108 5503 1193 5557; x_wconf 89' lang='lat' dir='ltr'><strong>rum,</strong></span> <span class='ocrx_word' id='word_1_644' title='bbox 1215 5486 1349 5547; x_wconf 91' lang='lat' dir='ltr'><strong>dicens:</strong></span> <span class='ocrx_word' id='word_1_645' title='bbox 1373 5491 1490 5551; x_wconf 84' lang='lat' dir='ltr'><strong>Venite</strong></span> <span class='ocrx_word' id='word_1_646' title='bbox 1507 5494 1671 5554; x_wconf 72' lang='lat' dir='ltr'><strong>benecdicti</strong></span> <span class='ocrx_word' id='word_1_647' title='bbox 1682 5495 1808 5555; x_wconf 77' lang='lat' dir='ltr'><strong>Patris</strong></span> <span class='ocrx_word' id='word_1_648' title='bbox 1822 5497 1906 5564; x_wconf 85' lang='lat' dir='ltr'><strong>mei,</strong></span> 
     </span>
     <span class='ocr_line' id='line_1_54' title="bbox 259 5583 1907 5671; baseline -0.002 -17"><span class='ocrx_word' id='word_1_649' title='bbox 259 5590 435 5671; x_wconf 87' lang='lat' dir='ltr'><strong>suspecta;</strong></span> <span class='ocrx_word' id='word_1_650' title='bbox 453 5589 490 5649; x_wconf 92' lang='lat' dir='ltr'><strong>ut</strong></span> <span class='ocrx_word' id='word_1_651' title='bbox 503 5588 580 5648; x_wconf 89' lang='lat' dir='ltr'><strong>dum</strong></span> <span class='ocrx_word' id='word_1_652' title='bbox 594 5585 686 5648; x_wconf 91' lang='lat' dir='ltr'><strong>illam</strong></span> <span class='ocrx_word' id='word_1_653' title='bbox 701 5583 885 5662; x_wconf 86' lang='lat' dir='ltr'><strong>praevidere</strong></span> <span class='ocrx_word' id='word_1_654' title='bbox 900 5599 967 5645; x_wconf 90' lang='lat' dir='ltr'><strong>non</strong></span> <span class='ocrx_word' id='word_1_655' title='bbox 982 5599 1054 5659; x_wconf 91' lang='lat' dir='ltr'><strong>pos·</strong></span> <span class='ocrx_word' id='word_1_656' title='bbox 1108 5585 1189 5656; x_wconf 76' lang='lat' dir='ltr'><strong>onia</strong></span> <span class='ocrx_word' id='word_1_657' title='bbox 1222 5586 1354 5647; x_wconf 80' lang='lat' dir='ltr'><strong>esurivi</strong></span> <span class='ocrx_word' id='word_1_658' title='bbox 1392 5587 1426 5647; x_wconf 88' lang='lat' dir='ltr'><strong>ct</strong></span> <span class='ocrx_word' id='word_1_659' title='bbox 1460 5591 1602 5652; x_wconf 79' lang='lat' dir='ltr'><strong>dedistis</strong></span> <span class='ocrx_word' id='word_1_660' title='bbox 1630 5594 1718 5653; x_wconf 77' lang='lat' dir='ltr'><strong>milti</strong></span> <span class='ocrx_word' id='word_1_661' title='bbox 1749 5595 1907 5652; x_wconf 74' lang='lat' dir='ltr'><strong>inolidu-</strong></span> 
     </span>
     <span class='ocr_line' id='line_1_55' title="bbox 259 5681 1907 5765; baseline -0.002 -13"><span class='ocrx_word' id='word_1_662' title='bbox 259 5707 384 5765; x_wconf 89' lang='lat' dir='ltr'><strong>sumus,</strong></span> <span class='ocrx_word' id='word_1_663' title='bbox 395 5687 435 5751; x_wconf 89' lang='lat' dir='ltr'><strong>ad</strong></span> <span class='ocrx_word' id='word_1_664' title='bbox 447 5687 540 5750; x_wconf 91' lang='lat' dir='ltr'><strong>illam</strong></span> <span class='ocrx_word' id='word_1_665' title='bbox 551 5685 623 5747; x_wconf 91' lang='lat' dir='ltr'><strong>sine</strong></span> <span class='ocrx_word' id='word_1_666' title='bbox 634 5681 880 5746; x_wconf 87' lang='lat' dir='ltr'><strong>intermissione</strong></span> <span class='ocrx_word' id='word_1_667' title='bbox 891 5695 1054 5757; x_wconf 74' lang='lat' dir='ltr'><strong>praepare·</strong></span> <span class='ocrx_word' id='word_1_668' title='bbox 1107 5695 1199 5740; x_wconf 78' lang='lat' dir='ltr'><strong>core.</strong></span> <span class='ocrx_word' id='word_1_669' title='bbox 1217 5681 1373 5746; x_wconf 65' lang='lat' dir='ltr'><strong>orrannum</strong></span> <span class='ocrx_word' id='word_1_670' title='bbox 1384 5685 1514 5756; x_wconf 75' lang='lat' dir='ltr'><strong>lecistis</strong></span> <span class='ocrx_word' id='word_1_671' title='bbox 1528 5687 1590 5749; x_wconf 73' lang='lat' dir='ltr'><strong>niti</strong></span> <span class='ocrx_word' id='word_1_672' title='bbox 1605 5703 1651 5750; x_wconf 72' lang='lat' dir='ltr'><strong>ecc</strong></span> <span class='ocrx_word' id='word_1_673' title='bbox 1665 5690 1756 5751; x_wconf 82' lang='lat' dir='ltr'><strong>llis...</strong></span> <span class='ocrx_word' id='word_1_674' title='bbox 1774 5689 1907 5765; x_wconf 74' lang='lat' dir='ltr'><strong>(matth.</strong></span> 
     </span>
    </p>
   </div>
   <div class='ocr_carea' id='block_1_5' title="bbox 0 0 1988 6293">
    <p class='ocr_par' dir='ltr' id='par_1_5' title="bbox 0 0 1988 6293">
     <span class='ocr_line' id='line_1_56' title="bbox 0 0 1988 6293; baseline 0 0"><span class='ocrx_word' id='word_1_675' title='bbox 0 0 1988 6293; x_wconf 95' lang='lat' dir='ltr'><strong> </strong></span> 
     </span>
    </p>
   </div>
  </div>
 </body>
</html>
