4122 6308
273 333 331 392 871
738 329 914 391 HONORII
936 328 981 388 ΙΙΙ
1002 327 1151 389 opalia.
1168 357 1205 372 -
1223 329 1456 390 SERMONES.
1858 337 1914 400 872

275 497 403 556 inundo
424 492 533 573 (ioan.
559 485 747 569 xvi11,36);
770 487 934 566 psallebat
957 488 993 548 in
1017 488 1070 550 ci·
1124 491 1311 566 seoeapiiita
1325 494 1366 552 ab
1379 494 1574 553 Jerusalem
1587 495 1727 554 nomiae
1742 497 1911 570 Emntaus,

272 591 381 664 thara,
406 607 505 669 quum
529 589 659 652 dicebat
683 610 691 648 ε
714 589 834 659 Pater,
859 590 891 648 si
911 589 1070 660 aasabim
1126 583 1221 665 (Luc.
1234 603 1327 657 xxiv,
1344 587 1407 668 13).

273 691 335 761 est,
344 690 689 751 trauseatameoatia
697 687 761 747 iste
770 682 1069 764 (Matthxxvnaa).
1165 687 1202 744 ln
1217 687 1396 763 propositis
1409 686 1519 747 verbis
1532 687 1645 750 Sancti
1658 689 1829 764 Evangelii
1842 707 1914 766 qua-

312 791 382 849 Hoc
398 789 506 848 autem
531 785 736 862 psalterium,
750 782 880 855 fratres,
896 780 1071 843 decachor·
1125 782 1202 843 tuor
1221 785 1298 845 sunt
1318 783 1507 845 adnotanda
1533 806 1541 844 ι
1564 801 1733 858 numerus,
1755 785 1911 862 videlicet,

272 886 350 946 dum
377 883 453 956 tuit',
481 883 580 954 idest,
609 883 721 942 decem
750 879 884 942 chordis
909 880 1068 956 aptatum.
1124 879 1371 957 discipulorum,
1402 897 1560 943 numerus
1591 883 1786 957 stadiorum,
1816 886 1914 947 collo-

271 986 389 1046 Decem
405 983 515 1044 autem
530 979 662 1042 chordae
681 979 759 1040 sunt
772 978 831 1038 illa
844 977 957 1038 decem
971 993 1070 1038 man·
1124 978 1211 1038 cutio
1224 978 1336 1052 invia,
1355 982 1387 1041 et
1399 980 1607 1056 hospitalitas
1621 997 1746 1043 eorum.

271 1081 359 1150 data,
383 1095 456 1156 quae
482 1079 517 1139 in
541 1076 663 1139 tabulis
687 1075 826 1152 lapideis
849 1075 973 1151 scripta
993 1073 1070 1134 sunt
1163 1078 1328 1137 Numerus
1354 1077 1593 1154 discipulorum
1619 1077 1740 1154 quibus
1767 1081 1915 1156 apparuit

270 1177 374 1254 digito
382 1177 451 1238 Dei.
460 1179 499 1238 Et
507 1175 697 1236 hacdecem
704 1172 926 1234 chordaeadeo
936 1170 1070 1232 fuerunt
1125 1176 1287 1247 salvator,
1300 1175 1450 1236 binarius
1465 1174 1527 1249 est,
1541 1175 1619 1253 quia
1632 1179 1700 1238 duo
1714 1191 1761 1238 ecc
1772 1179 1914 1252 duagiu-

270 1277 417 1337 extensae
432 1274 467 1335 in
478 1273 647 1352 psalterio,
659 1272 755 1342 idest,
769 1271 804 1331 in
820 1286 920 1332 carne
931 1269 1066 1342 Christi,
1122 1278 1164 1337 lis
1177 1277 1260 1336 Jesu
1274 1273 1369 1335 ibant
1384 1277 1461 1347 ipsa
1476 1277 1532 1334 die
1535 1315 1595 1334 .....
1614 1274 1781 1336 Numerus
1795 1274 1915 1336 stadio-

270 1373 411 1434 utnulla
426 1371 667 1448 earumaliqua
686 1387 729 1431 ex
750 1370 845 1446 parte
858 1367 1067 1440 lentesceret,
1122 1388 1196 1433 rum
1211 1371 1463 1447 sexagenarius,
1484 1371 1571 1432 unde
1590 1371 1625 1432 iu
1645 1371 1708 1433 hoc
1728 1373 1912 1448 Evangelio,

269 1472 347 1548 quia
363 1471 396 1531 et
413 1471 447 1531 in
463 1485 500 1530 se
516 1470 588 1547 ipse
602 1469 708 1544 legem
726 1467 908 1528 observans
934 1465 1066 1542 inquit:
1123 1469 1208 1547 quod
1228 1470 1306 1530 erat
1329 1471 1366 1529 iu
1383 1468 1497 1542 spatio
1521 1470 1716 1530 stadiorum
1738 1471 1913 1546 seaogiuta

276 1571 352 1630 Iota
365 1584 473 1628 aarum
483 1569 545 1629 aut
554 1581 644 1627 tinus
655 1579 747 1640 epea
756 1579 825 1625 ucri
832 1563 1025 1638 praeambit
1046 1578 1069 1623 a
1122 1570 1163 1629 ab
1176 1570 1381 1628 Jerusalem.
1403 1565 1587 1629 collocutio
1598 1567 1737 1643 devota3
1753 1567 1838 1628 unde
1854 1567 1915 1628 ibi-

272 1672 355 1742 iepe,
379 1669 485 1727 donee
508 1667 625 1727 omnia
647 1664 733 1735 siaiu
748 1660 925 1742 (Matthu,
943 1659 1007 1740 18).
1122 1665 1196 1726 dem
1212 1685 1221 1724 z
1236 1665 1281 1725 lit
1303 1667 1376 1738 ipse
1397 1665 1623 1738 loquebantur
1644 1668 1691 1726 ad
1712 1667 1915 1726 isacherode

309 1767 387 1836 lpse
408 1768 501 1824 euim
519 1777 588 1823 uari
612 1763 707 1823 uertit
725 1766 833 1836 legem
852 1764 985 1820 soluere
1009 1761 1068 1820 sed
1121 1765 1176 1824 iris
1201 1765 1374 1833 omnium,
1401 1777 1478 1836 auce
1500 1763 1701 1824 acciderant
1729 1760 1829 1840 (lhid.
1860 1760 1913 1840 it)

268 1865 467 1935 adimplere.
500 1859 592 1921 Unde
628 1859 660 1920 et
694 1859 729 1919 in
764 1857 920 1935 passione
948 1855 1029 1917 dicit
1058 1876 1066 1916 z
1125 1858 1298 1930 videlicet,
1330 1858 1370 1918 de
1401 1860 1508 1920 morte
1535 1858 1672 1920 Christi.
1702 1859 1914 1936 Hospitalitas

269 1958 554 2020 Consuuimatum
568 1957 620 2018 est
635 1953 744 2034 (ioan.
761 1969 832 2026 xix,
851 1952 917 2031 30).
936 1954 975 2014 Et
990 1952 1067 2030 quia
1121 1957 1286 2031 coactiva;
1297 1955 1384 2016 unde
1398 1955 1434 2016 in
1445 1957 1629 2032 Evangelio
1646 1978 1653 2016 ε
1674 1958 1722 2018 Et
1735 1957 1912 2032 coeperunt

268 2055 303 2117 in
327 2070 408 2117 voce
429 2054 645 2115 exultationis
667 2054 700 2113 et
720 2051 940 2113 confessionis
971 2049 1068 2112 dehet
1121 2058 1216 2115 idum
1235 2055 1413 2115 diceutes:
1432 2057 1539 2116 Meae
1559 2057 1737 2116 babucum
1759 2056 1913 2128 quonium

268 2169 342 2214 esse
366 2169 467 2214 sonus
490 2151 706 2228 epulantium,
723 2151 759 2211 in
774 2151 837 2211 hac
858 2148 1067 2210 solemnitate
1120 2153 1389 2225 advesperascit,
1418 2153 1452 2213 et
1477 2152 1643 2214 inclinata
1670 2153 1821 2226 estjam
1845 2153 1913 2212 dies

267 2250 434 2328 paschali,
463 2251 541 2328 quia
567 2249 726 2325 scriptum
753 2250 813 2320 est,
839 2251 876 2309 oi
900 2247 1067 2322 psalterio
1122 2249 1218 2329 (lbid.
1239 2247 1306 2328 29).
1328 2252 1365 2310 ln
1384 2249 1512 2311 duobus
1531 2250 1705 2327 discipulis
1725 2250 1790 2311 duo
1807 2249 1913 2310 chari-

268 2351 606 2410 decemchordarum
622 2347 756 2421 paruae
775 2349 808 2407 et
822 2344 891 2424 (Ps.
907 2345 958 2416 32,
971 2343 1017 2422 2),
1034 2346 1067 2405 et
1120 2347 1199 2409 tatis
1219 2349 1386 2424 praecepta
1410 2347 1653 2423 intelliguntur,
1677 2347 1797 2425 quibus
1823 2346 1911 2424 quasi

267 2459 339 2517 nos,
370 2444 500 2516 fratrea,
530 2444 712 2521 psallamus
744 2443 779 2503 in
812 2442 875 2503 hoc
908 2440 1065 2518 psalterio
1120 2445 1248 2508 duobus
1270 2444 1409 2521 pedibus
1429 2445 1463 2506 in
1489 2445 1578 2506 aiam
1602 2445 1832 2507 mandatorum
1856 2443 1911 2504 Dei

268 2543 381 2603 decem
412 2541 610 2604 chordarum
642 2557 702 2618 per
734 2539 831 2601 tidem
867 2539 1063 2600 divinitatis.
1120 2543 1340 2606 ambulamus.
1373 2544 1459 2604 Nam
1494 2542 1640 2604 charitas
1673 2543 1784 2604 minus
1820 2557 1911 2618 quam

267 2641 453 2702 Psallamus
468 2640 503 2700 in
514 2639 643 2701 cithara
653 2637 818 2715 perfidem
831 2637 1062 2712 humanitatis;
1119 2642 1207 2703 inter
1222 2641 1305 2702 duos
1320 2640 1436 2702 haberi
1452 2655 1519 2702 nou
1536 2641 1655 2717 potest.
1676 2643 1716 2702 In
1731 2641 1793 2702 hoc
1806 2639 1913 2715 itaque

266 2739 448 2816 psallamus
469 2737 504 2798 in
527 2737 656 2799 cithara
680 2753 740 2814 per
759 2736 858 2797 tidem
882 2735 1062 2812 passionis3
1120 2739 1252 2801 binario
1276 2739 1435 2801 Dominus
1457 2738 1625 2814 graditur,
1652 2739 1754 2816 atque
1777 2736 1910 2814 gratiam

267 2837 449 2914 psallamus
468 2835 504 2896 in
525 2834 683 2913 psalterio
704 2850 762 2911 per
781 2833 878 2895 tidem
892 2847 1066 2894 rasurrac-
1120 2854 1189 2899 suae
1204 2838 1393 2915 praesentiae
1408 2836 1622 2898 manifestare
1641 2836 1808 2912 dignatur.
1824 2832 1912 2895 Unde

266 2934 377 2996 tionis.
394 2934 434 2996 Et
453 2934 531 3012 quia
552 2935 665 2994 omnia
688 2932 777 2993 nuda
796 2931 873 2993 sunt
894 2931 926 2992 et
950 2931 1064 3008 aperta
1118 2934 1191 3013 ipsa
1213 2935 1294 2997 dicit
1318 2935 1353 2995 in
1372 2934 1577 3010 Evangelio:
1604 2937 1663 2996 Ubi
1683 2937 1751 2995 duo
1772 2937 1822 2994 eet
1843 2932 1909 2993 tres

265 3033 372 3093 oculis
397 3033 469 3108 ejus
495 3030 535 3092 da
562 3046 626 3108 quo
647 3029 742 3092 nohis
769 3029 820 3091 est
845 3044 964 3100 sermo,
992 3029 1064 3105 ipse
1118 3034 1318 3109 coiiprepati
1341 3033 1474 3107 sinerint
1493 3035 1530 3093 iii
1547 3036 1687 3093 uomirie
1705 3045 1793 3102 uteo,
1816 3032 1860 3090 tbi
1876 3031 1910 3088 iu

265 3129 354 3191 enim
373 3129 471 3190 vocat
494 3145 533 3189 ea
558 3145 631 3206 quae
655 3143 721 3188 non
746 3127 822 3189 sunt
842 3127 1000 3204 tanquam
1024 3141 1063 3187 ea
1117 3133 1230 3192 awdio
1244 3145 1365 3192 eorum
1379 3146 1457 3192 sum
1473 3128 1602 3210 (Matth.
1623 3143 1723 3202 xv111,
1745 3127 1810 3208 20).
1825 3125 1908 3188 llcsi

265 3230 441 3304 quaesunt,
458 3225 581 3287 etfacit
594 3225 694 3286 etiam
710 3240 782 3302 quae
797 3224 909 3286 lutura
924 3223 1011 3296 sunt,
1024 3239 1062 3285 eo
1118 3228 1243 3289 diceret
1259 3249 1266 3288 :
1284 3226 1341 3287 ubi
1362 3228 1439 3289 sunt
1460 3228 1537 3296 duo,
1560 3243 1655 3289 amor
1670 3225 1827 3288 uidelicet
1842 3223 1907 3294 Del,

264 3323 350 3400 quod
378 3323 469 3385 novit
496 3323 596 3384 etiam
625 3322 737 3384 omnia
763 3322 940 3399 antequam
969 3319 1061 3394 liant,
1117 3331 1150 3387 et
1170 3341 1264 3387 amor
1285 3326 1440 3402 proximi,
1462 3326 1515 3387 vel
1538 3326 1619 3397 tres,
1642 3323 1800 3386 videlicet
1826 3337 1908 3399 spes,

264 3423 374 3484 certus
401 3421 441 3482 de
466 3421 726 3491 resurrectione,
751 3420 818 3481 imo
847 3421 881 3481 et
909 3419 949 3480 de
979 3419 1063 3481 hora
1118 3422 1215 3496 tides,
1241 3424 1275 3484 et
1295 3423 1459 3496 charitas,
1480 3422 1527 3484 ibi
1551 3439 1603 3484 me
1625 3422 1813 3484 manifesto.
1834 3421 1909 3480 (lum

262 3519 518 3582 resurrectionis
538 3519 647 3596 inquit
667 3539 674 3579 ε
695 3521 899 3594 Easurgam
919 3521 1063 3579 diiuaaio
1116 3521 1229 3599 itaque
1244 3522 1311 3582 sint
1324 3520 1401 3594 duo,
1422 3537 1489 3582 uon
1509 3519 1629 3582 dehent
1647 3536 1722 3581 esse
1744 3519 1842 3597 pigri,
1855 3514 1909 3578 sed

263 3615 333 3695 (Ps.
354 3620 403 3689 56,
424 3613 468 3688 9).
489 3617 607 3696 Merito
622 3620 743 3688 autem,
759 3615 890 3686 batres,
912 3615 1062 3676 Christus
1117 3618 1238 3680 dehent
1252 3619 1301 3680 ire
1316 3619 1351 3680 in
1364 3619 1538 3681 castellum
1550 3618 1684 3679 nomine
1697 3620 1861 3678 Emmaus.

263 3715 409 3776 diluculo
431 3714 627 3786 resurrexit,
645 3714 723 3790 quia
745 3715 778 3774 et
797 3729 857 3774 nos
873 3727 932 3789 per
946 3727 1062 3773 resur·
1157 3719 1328 3788 Emmaus,
1355 3716 1527 3778 castellum
1554 3716 1633 3778 olim
1655 3715 1798 3786 Judaaae,
1827 3727 1910 3774 nunc

262 3812 444 3872 rectionem
467 3827 560 3871 suam
583 3811 624 3871 de
646 3809 792 3871 tenebris
814 3809 856 3870 ad
880 3809 987 3870 lucem
1007 3823 1064 3870 re·
1117 3812 1239 3875 dicitur
1267 3814 1457 3890 Nicopolis,
1483 3814 1601 3876 civitas
1630 3813 1807 3876 Palestinae
1825 3809 1907 3872 insi-

264 3909 368 3972 duxit.
392 3909 476 3982 Quia
495 3925 575 3986 ergo
595 3908 745 3970 Christus
769 3907 919 3970 mortuus
938 3908 989 3969 est
1002 3923 1062 3985 pro
1116 3912 1203 3989 gnis,
1224 3928 1306 3990 quae,
1316 3914 1389 3989 post
1407 3913 1686 3990 expugnationem
1707 3911 1831 3976 Judaeae
1852 3905 1909 3968 suh

263 4006 393 4070 delictis
408 4008 542 4077 nostris,
557 4008 591 4070 et
607 4007 792 4069 resurrexit
811 4007 946 4085 propter
960 4006 1064 4084 Justi-
1117 4012 1230 4072 Marco
1249 4011 1386 4072 Aurelio
1403 4010 1554 4088 principe
1572 4013 1797 4072 Romanorum
1811 4004 1907 4068 resti-

263 4105 451 4168 doauonem
479 4107 642 4179 nostram,
668 4107 747 4184 quia
772 4121 845 4168 uoce
869 4106 1061 4181 praeessu,
1117 4110 1187 4171 tuta
1210 4109 1271 4181 est,
1297 4111 1424 4171 etcum
1449 4109 1694 4171 restauratione
1719 4105 1857 4168 mutavit
1877 4101 1907 4164 et

262 4198 336 4267 dies
347 4207 465 4267 atatem
479 4206 768 4281 appropinquavit
782 4202 890 4284 (Rom.
906 4220 980 4276 1111,
996 4201 1060 4283 12).
1117 4221 1248 4268 nomen.
1269 4208 1424 4268 Emmaus
1437 4207 1675 4284 interpretatur
1689 4205 1830 4284 populus
1848 4199 1906 4262 ah-

304 4305 402 4379 Ergo,
417 4303 548 4375 iratres,
565 4303 761 4380 abjicientes
784 4319 886 4379 opera
907 4301 1064 4365 tenebra·
1112 4305 1233 4381 jactus,
1257 4305 1290 4365 et
1311 4305 1478 4381 significat
1498 4304 1584 4381 quod
1600 4303 1772 4375 Dominus,
1796 4297 1906 4362 relicta

263 4417 349 4474 rum,
373 4402 406 4463 et
428 4400 607 4464 induamur
629 4416 724 4462 arma
747 4401 843 4473 lucis,
860 4400 1062 4477 deponentes
1116 4403 1301 4464 Jerusalem
1319 4403 1352 4464 et
1366 4403 1487 4479 populo
1502 4401 1693 4464 Judaeorum
1708 4400 1841 4478 propter
1854 4410 1907 4456 su-

262 4501 408 4560 ueterem
424 4499 592 4560 hominem
617 4513 691 4560 cum
713 4497 840 4559 actibus
856 4498 936 4570 suis,
954 4498 987 4559 et
1002 4497 1061 4558 iu·
1117 4499 1265 4576 perbiam
1278 4501 1311 4561 et
1325 4501 1533 4562 altitudinem
1544 4499 1664 4570 cordis,
1681 4498 1722 4560 ad
1736 4492 1907 4558 salvandas

262 4595 402 4658 duenies
413 4613 545 4668 novum,
559 4595 614 4673 qui
625 4595 806 4658 secundum
817 4596 920 4655 Deum
932 4595 1062 4656 creatus
1116 4595 1246 4671 gentes,
1263 4594 1419 4672 populum
1434 4596 1562 4658 scilicet
1578 4595 1828 4666 humilem,cum
1843 4589 1908 4651 dis·

263 4697 314 4754 est
329 4694 362 4754 in
380 4693 551 4771 agnitione
572 4693 734 4765 veritatis,
751 4693 788 4754 ut
800 4709 899 4770 quum
912 4692 1062 4754 Christus
1117 4693 1235 4768 cipulis
1250 4692 1461 4768 properabat,
1478 4694 1564 4754 sicut
1579 4693 1660 4755 dicit
1673 4692 1777 4754 Dauid
1794 4711 1802 4750 :
1820 4691 1906 4755 Quo-

263 4793 466 4866 apparuerit,
484 4792 552 4854 vita
566 4794 690 4863 nostra,
706 4792 739 4853 et
760 4807 821 4852 nos
843 4807 1062 4868 appareamus
1116 4793 1213 4850 samm
1230 4788 1267 4850 tu
1281 4795 1448 4863 poputum
1463 4793 1626 4852 humilem
1645 4795 1779 4852 salinum
1795 4786 1906 4862 saaca,

263 4901 339 4946 cum
351 4887 422 4963 ipso
434 4889 468 4948 in
479 4888 597 4963 gloria.
608 4889 699 4960 Quod
714 4887 808 4949 uobis
818 4889 890 4965 ipse
903 4889 1063 4965 praestare
1117 4887 1151 4947 et
1167 4890 1278 4946 ocuws
1291 4890 1521 4960 superborum
1535 4889 1729 4950 humiliabis
1742 4885 1812 4965 (Ps.
1826 4895 1907 4948 xva,

260 4983 427 5058 dignetur,
442 4984 498 5062 qui
514 4985 548 5044 in
563 4986 670 5061 gloria
686 4987 736 5048 ast
756 4985 815 5047 Dei
836 4986 946 5048 Patris
964 4988 1062 5048 Jesus
1116 4981 1182 5060 28).
1199 4983 1365 5042 Numerus
1387 4983 1570 5045 stadiorum
1591 4984 1829 5060 sexagenarius
1848 4977 1904 5040 esi.

264 5079 414 5142 Christus
429 5081 588 5142 Dominus
604 5083 727 5142 noster.
1119 5078 1363 5154 sexagenarius
1381 5081 1490 5142 autem
1506 5097 1663 5144 numerus
1676 5097 1719 5142 ex
1734 5079 1863 5142 senario
1877 5075 1906 5136 et

1117 5176 1254 5238 denario
1283 5175 1490 5253 completur:
1514 5195 1591 5240 nam
1618 5179 1770 5240 senarius
1795 5174 1905 5237 ductus

600 5251 726 5338 XXVI
1116 5273 1227 5335 decies
1253 5273 1307 5334 vel
1336 5273 1492 5338 denarius
1518 5275 1635 5338 ductus
1663 5277 1788 5347 sexies,
1810 5287 1905 5336 saxa·

291 5422 458 5483 OCTAVA
479 5420 659 5481 PASCHAE
693 5421 818 5481 FERIA
841 5419 1033 5480 SECUNDA
1116 5371 1209 5446 ginta
1228 5369 1318 5431 iacit.
1335 5372 1372 5430 ln
1387 5371 1524 5434 denario
1539 5374 1628 5437 enim
1648 5373 1807 5451 perfactio
1822 5368 1904 5432 desi-

662 5463 669 5480 '
1116 5468 1252 5542 gnatur,
1278 5482 1318 5527 eo
1351 5468 1437 5546 quod
1462 5469 1627 5545 perfectus
1653 5472 1704 5533 est
1728 5483 1902 5532 numerus:

302 5571 379 5628 Duo
398 5581 444 5628 ea
462 5564 637 5638 discipulis
654 5564 737 5622 Jesu
752 5562 846 5623 ibeiit
865 5563 941 5636 ipsa
956 5565 1011 5624 die
1025 5565 1062 5623 iu
1116 5563 1204 5623 unde
1219 5564 1289 5622 Lex
1315 5562 1349 5622 in
1370 5563 1483 5624 decem
1503 5568 1678 5644 praeceptis
1700 5567 1775 5630 data
1796 5563 1902 5626 astla

263 5665 438 5726 castelium
462 5663 549 5737 quod
577 5659 654 5724 erat
678 5663 713 5720 iii
737 5659 850 5736 spatio
868 5660 1061 5720 stadiorum
1117 5659 1249 5720 senario
1266 5673 1415 5734 numero,
1432 5661 1579 5723 custodia
1592 5664 1697 5726 nostri
1710 5663 1901 5733 declaratur,
