3978 6290
1886 367 1949 428 124
1973 413 1974 416 η

284 507 478 570 electionem
499 503 715 582 procederent
735 502 922 580 irrterdixit3
946 504 1080 582 propter
1136 507 1250 581 vardo,
1275 508 1398 572 clerico
1430 509 1625 574 Notionem.
1649 514 1818 587 Dioecesis,
1838 531 1952 592 super

285 604 372 683 quod
389 620 463 664 cum
480 603 604 678 eligere
618 617 684 662 non
697 600 851 673 audeant,
868 601 962 663 Sedis
974 604 1081 680 Apos·
1134 605 1338 682 praebendali
1355 605 1516 670 beneficio
1533 609 1568 671 in
1588 625 1703 672 eorum
1718 612 1867 674 ecclesia
1887 613 1952 675 ob-

283 703 393 765 iolicae
417 700 597 762 remedium
618 698 847 776 implorarunt.
876 700 957 760 Cum
977 699 1080 776 igitur
1133 703 1280 777 tinendo,
1299 706 1431 768 nostras
1451 706 1492 767 ad
1512 721 1569 768 eos
1593 709 1799 785 monitorias,
1823 711 1864 772 et
1889 710 1952 772 de-

285 816 351 861 non
374 799 479 876 prosit
501 799 623 860 statuta
645 798 680 858 in
702 797 851 858 ecclesiis
874 797 957 869 heri,
984 798 1014 858 si
1027 813 1077 869 ea,
1131 817 1225 861 mum
1239 804 1473 880 praeceptorias
1490 804 1618 866 litteras
1633 807 1847 884 impetrante,
1866 809 1952 869 Bal-

284 898 428 960 maxime
444 895 549 967 utilia,
575 911 642 956 non
658 896 842 967 serventur,
867 895 1080 958 Fraternitati
1135 898 1267 972 duinus,
1281 900 1422 963 clericus
1438 903 1620 963 Tornacen.
1638 903 1801 976 dioecesis,
1821 907 1951 967 contra

284 357 342 419 123
906 353 1082 416 trenortii
1097 355 1142 415 III
1164 356 1311 418 OPERA.

284 995 350 1057 tuae
363 993 568 1064 mandamus,
583 991 746 1069 quatenus
760 991 814 1053 his
835 1008 901 1054 non
918 992 1081 1054 obstanti-

173 1141 175 1150 .
283 1091 356 1164 bus,
382 1107 527 1169 quaeper
541 1090 734 1167 praedictum
754 1091 944 1167 episcopum
969 1090 1082 1152 taliter

284 1189 361 1250 sunt
375 1189 585 1266 praesumpta,
600 1187 705 1248 iacias
717 1187 759 1248 ad
776 1185 986 1264 praebendam
1002 1187 1081 1249 dicti

284 1286 430 1348 cantoris
446 1301 504 1362 per
523 1301 579 1347 ecs
595 1285 636 1346 ad
655 1301 736 1363 quos
751 1287 807 1362 yus
822 1285 966 1361 eligendi
981 1301 1080 1362 spec-

283 1384 355 1444 tare
370 1382 585 1458 dignoscitur,
600 1382 754 1444 idoneum
769 1382 860 1459 eligi,
875 1383 909 1442 in
922 1382 1082 1444 diacona·

285 1481 350 1551 tus,
367 1479 419 1540 vel
435 1479 612 1541 sacerdotii
627 1479 743 1541 ordine
758 1479 985 1542 constitutum.

545 1639 757 1728 TITULUS
783 1641 823 1728 ΙΙ

515 1797 559 1845 oa
587 1797 780 1846 nascereris
792 1779 851 1862 (i).

281 1917 411 1989 Abbati,
437 1917 470 1977 et
484 1918 607 1977 Priori
627 1915 739 1978 sancti
750 1916 916 1987 Proiecit,
934 1916 968 1976 et
986 1919 1015 1976 l.
1040 1918 1081 1976 de

320 2017 401 2075 oittn
426 2015 530 2074 Wnde
545 2010 595 2091 (a)
628 2015 797 2074 canonico
821 2013 941 2108 Sancti
970 2015 1080 2078 Orcin-

322 2111 387 2171 tini
398 2105 467 2187 ¹(h),
481 2112 737 2171 Noviomensts.

589 2261 725 2321 CAPUT
746 2263 771 2321 Ι.

322 2383 463 2460 Capituli
481 2383 603 2444 sanctae
621 2384 736 2445 Crucis
754 2382 1003 2444 Cameracensis
1021 2399 1082 2445 ex-

283 2480 387 2542 hibita
401 2479 495 2542 nobis
512 2481 627 2558 petitio
647 2480 839 2554 declaravit,
857 2480 943 2557 quod
954 2477 1000 2559 (o)
1014 2483 1081 2543 Re-

283 2683 362 2739 num,
384 2670 412 2726 in
427 2672 601 2741 compactio
621 2671 668 2737 id,
686 2673 718 2739 Q.
737 2672 762 2738 Ξ,
785 2670 860 2742 quod
881 2678 925 2727 est
944 2669 1077 2742 trequen-

280 2740 347 2808 tius,
363 2749 392 2798 et
405 2741 434 2798 in
444 2741 492 2814 jus
504 2751 613 2800 certum
626 2743 746 2811 transiit,
760 2756 865 2814 nempe
879 2743 971 2814 utqui
989 2741 1024 2798 ad
1038 2755 1081 2796 aa·

281 2811 439 2869 cordolium
471 2812 633 2886 promoveri
655 2813 751 2868 statim
781 2819 944 2880 teneantur,
972 2826 1080 2868 annum

281 2889 377 2938 tamen
390 2883 524 2950 habeant,
533 2898 593 2952 cop.
607 2883 921 2950 inclementiorem,
938 2883 969 2938 in
979 2883 1005 2940 6.

318 2951 358 3024 (l)
379 2955 472 3010 hieme
488 2955 551 3011 titre
565 2953 638 3009 dans
652 2953 678 3009 la
694 2953 863 3023 compilatio
879 2954 983 3010 Prima.
1001 2955 1080 3010 Dans

280 3021 496 3152 lesallecretales
504 3021 724 3096 Gregoriennes,
734 3024 767 3078 de
778 3023 940 3094 descriptis,
950 3023 1041 3081 lorme
1054 3025 1080 3081 le

281 3100 314 3150 tlt
348 3137 354 3149 .

318 3164 359 3237 (c)
370 3165 520 3237 inscriptio
532 3164 618 3237 hujus
633 3181 697 3237 cap.
714 3163 837 3221 ostendit
852 3177 938 3235 quam
954 3164 1024 3222 laisa
1041 3166 1081 3222 sit

281 3235 327 3292 illa
357 3249 421 3305 quae
446 3243 490 3293 est
514 3237 542 3292 in
561 3236 685 3293 editione
709 3235 900 3292 Decretalium
929 3236 982 3292 Grc
1006 3237 1077 3305 orii,

281 3305 976 3378 cap.30,boctit.Episcopolegionensi,alias,l.co
998 3306 1078 3370 tensi,

280 3383 400 3460 utraque
422 3379 500 3434 nullo
521 3385 604 3452 pacto
623 3376 765 3448 congruit.
795 3379 885 3448 lluyus
909 3377 1078 3433 correctioni

280 3449 360 3504 muln
370 3461 518 3520 perperam
532 3449 710 3506 insudarunt.
720 3451 793 3508 Vera
808 3447 954 3518 inscriptio
965 3447 993 3504 in
1006 3446 1077 3504 duo·

279 3517 332 3574 bus
357 3519 435 3576 MSS.
460 3520 553 3576 abbati
573 3524 598 3576 ei
618 3519 724 3590 priori,
758 3519 801 3574 oet
816 3517 966 3588 propriori
988 3518 1079 3574 sancti

280 3589 411 3660 Properti,
427 3594 452 3646 et
464 3591 488 3646 l.
508 3589 541 3646 dc
552 3590 624 3646 vilic
640 3591 725 3646 Wndr
739 3588 880 3646 danoatco
890 3589 983 3646 soracti
994 3589 1078 3656 Quin-

280 3660 335 3714 tini
360 3661 565 3716 Nonicmensis.
593 3659 712 3716 abbatia
753 3660 781 3716 S.
814 3658 945 3729 Projecn,
970 3657 1079 3715 ordinis

281 3730 309 3784 S.
337 3728 496 3796 Benedicti,
523 3730 725 3786 Noviomensis
751 3727 894 3795 dioecesis,
922 3730 950 3784 in
975 3729 1076 3786 subur·

280 3798 328 3854 bio
362 3799 452 3855 sancti
482 3800 617 3866 Quintini.
653 3799 725 3856 Vide
755 3798 915 3856 chronicon
948 3799 1078 3856 Camera-

281 3883 378 3938 cense,
395 3869 443 3925 lib.
457 3871 508 3936 lll,
519 3884 583 3941 cap.
604 3869 631 3926 3.
648 3871 709 3926 Duo
722 3875 789 3926 sunt
803 3869 831 3925 S.
856 3869 986 3940 projecti,
1003 3884 1078 3928 unus

280 3947 388 4012 martyr
401 3954 466 3995 cum
483 3940 510 3996 S.
527 3939 646 4013 Thyrso,
671 3940 700 3996 in
718 3939 919 4022 Martyrologio
940 3942 1032 4008 Rom,
1050 3948 1078 3998 et

280 4009 309 4065 in
323 4011 467 4067 breviario
481 4011 619 4067 Toletano
645 4011 673 4066 S.
700 4009 816 4079 lsidorr;
837 4011 909 4066 alius
926 4011 1077 4083 episcopus

279 4081 468 4138 arvernensis
482 4088 510 4137 et
528 4089 644 4155 martyr,
668 4081 715 4153 qui
741 4088 768 4137 et
785 4080 939 4154 Praejcctus
960 4091 1077 4139 vocatur

280 4152 316 4208 ab
336 4152 464 4210 Usuardo
479 4159 507 4208 et
527 4167 542 4210 a
559 4153 717 4226 sigeberto,
733 4152 762 4207 in
782 4151 894 4219 chron,
921 4167 997 4210 anno
1012 4154 1075 4224 670,

278 4224 366 4352 vulgo
381 4225 408 4281 S.
425 4223 508 4292 Pria,
520 4223 643 4282 Dubium
656 4225 702 4280 cni
718 4223 780 4280 haec
791 4222 910 4280 Abbmm
926 4222 1030 4282 dicata.

316 4297 325 4366 (
344 4297 355 4370 )
377 4296 515 4352 Canonirc
527 4296 622 4354 Sancti
634 4295 772 4363 Quintini.
788 4295 882 4352 Sancti
897 4295 1023 4362 Quintini
1039 4294 1076 4352 la·

278 4381 347 4423 num
373 4368 514 4439 praecipua
545 4366 614 4423 olim
641 4364 907 4425 veromanduorum
938 4367 1074 4423 comitum

278 4437 372 4506 sedes,
400 4437 527 4510 ejusdem
556 4435 687 4494 dioecesis
706 4435 915 4493 Noviomensis.
945 4437 1073 4508 Augusta

278 4507 544 4566 veromanduorum
553 4507 627 4564 male
635 4505 741 4563 credita
753 4520 769 4562 a
779 4505 904 4577 losepho
915 4505 1072 4578 scaligero,

278 4578 307 4633 in
320 4579 435 4635 Noticio
445 4579 554 4646 Gallica,
566 4577 635 4635 nihil
651 4579 728 4635 enim
741 4583 828 4632 restat
840 4591 875 4631 ex
895 4573 949 4630 hac
958 4576 1074 4633 civitate

279 4647 378 4702 olime
400 4649 516 4719 iscopali
537 4648 577 4719 (et
591 4648 727 4706 translata
747 4645 918 4705 Noviomum
936 4659 952 4701 a
974 4653 1074 4703 sancto

279 4663 426 4798 lledargo,
453 4718 499 4773 lia
517 4720 651 4800 episcopo
682 4715 880 4789 Noviomensi)
912 4731 1072 4788 quaurcoe·

279 4785 395 4843 nobrum
411 4786 689 4860 etabbanainsrgnis
703 4788 810 4844 ordinis
820 4790 1073 4845 praemonstraten·

279 4856 319 4912 sis
330 4855 404 4913 inter
418 4859 706 4924 Poronam‚ctsancti
718 4859 843 4926 Quintini
861 4861 970 4914 Fanum
990 4857 1075 4915 hodie

279 4941 384 4984 nomon
399 4928 502 4984 retinet
519 4929 659 4985 Vermonri
680 4928 800 5000 abbaye.
819 4928 957 4984 liebertus
971 4929 1071 4986 Coena·

278 4998 324 5066 lis,
338 5007 366 5054 et
381 5001 411 5056 P.
428 4999 542 5054 Divaeus
555 4998 583 5052 in
599 4997 691 5054 libello
701 4998 904 5068 canipuitctom
917 4999 1018 5068 Belpii.

316 5068 353 5142 (c)
370 5069 506 5126 linario.
523 5068 636 5124 Falsum
649 5075 692 5126 est
703 5069 788 5140 igitur
799 5067 874 5138 quod
890 5067 987 5125 scribit
1006 5070 1071 5126 liei·

278 5140 402 5197 mundus
417 5138 452 5195 dc
464 5138 646 5196 Callimacho.

315 5209 357 5282 (d)
388 5210 627 5266 Archidicconnm
664 5209 872 5266 Tornnccnsem.
907 5209 981 5266 blalc
1012 5209 1070 5266 Ar·

278 5280 481 5351 cbiapiscopnm
505 5281 704 5336 Trrrnnccnsern
729 5293 744 5334 a
769 5277 938 5335 ltaimnndo.
964 5281 1070 5336 'lorna-

278 5365 343 5407 cum
369 5365 426 5406 non
448 5358 492 5406 est
515 5349 786 5422 archiepiscopatus,
817 5349 868 5404 sed
893 5349 1073 5421 episcopatus

278 5421 480 5494 suffraganeus
495 5421 659 5490 Remensis3
672 5421 729 5475 imo
745 5420 899 5490 antiquitus
913 5421 1072 5476 'fornacum

278 5495 388 5554 unitum
399 5491 657 5557 luitNouiomensi,
673 5489 878 5556 ann0528,sub
890 5491 922 5546 D.
938 5489 1072 5547 bladardo

277 5577 368 5636 usque
393 5562 429 5619 ad
450 5576 556 5621 sianum
577 5562 656 5624 ilio,
673 5575 739 5632 quo,
764 5567 933 5632 procurante
952 5561 985 5617 D.
1002 5563 1070 5618 ller-

277 5634 367 5692 nardo
385 5633 515 5708 proprius
534 5632 562 5688 ei
576 5631 703 5688 redditus
722 5630 774 5689 luit
796 5631 956 5703 episcopus,
986 5645 1069 5688 sexa·
1091 5683 1093 5687 ,

277 5707 357 5780 ginta
384 5706 466 5762 annis
488 5711 553 5761 ante
580 5703 735 5761 llonorlnm
763 5709 900 5760 nostrum.
922 5701 1071 5760 buzelinus

1136 1012 1192 1058 eos
1206 1013 1305 1075 super
1327 998 1491 1061 consimili
1514 999 1674 1062 beneflcio
1693 1001 1729 1063 in
1741 1003 1863 1065 eadem
1882 1003 1951 1064 sibi
1973 1049 1974 1056 .

1136 1095 1276 1157 ecclesia
1287 1094 1485 1158 conserendo
1499 1098 1541 1159 ad
1553 1095 1602 1179 (ct)
1615 1101 1644 1160 J.
1655 1099 1950 1162 archidiaconum

1135 1195 1318 1255 Tornacen.
1335 1194 1367 1255 et
1381 1197 1454 1272 eJus
1467 1195 1622 1272 collegas,
1639 1197 1680 1258 de
1694 1197 1872 1275 praedictis
1890 1198 1951 1261 lii-

1135 1291 1216 1352 teris
1238 1306 1304 1352 non
1327 1291 1441 1353 habita
1467 1294 1644 1367 mentione,
1674 1295 1897 1356 executorias
1929 1311 1974 1357 a*

1135 1387 1230 1451 nobis
1245 1389 1374 1452 litteras
1388 1390 1588 1467 impetravit,
1609 1392 1677 1468 qui,
1693 1393 1768 1470 post
1780 1393 1949 1470 appella-

1135 1487 1259 1548 tionem
1275 1488 1315 1548 ad
1335 1503 1395 1550 nos
1410 1488 1649 1565 interpositam,
1667 1489 1773 1551 ineos
1791 1506 1950 1568 suspen-

1137 1585 1240 1646 sionis
1247 1585 1427 1647 sententias
1435 1586 1656 1663 protulerunt,
1671 1601 1710 1648 ac
1720 1586 1882 1650 diciusR.
1893 1605 1949 1649 su·

1135 1696 1196 1760 per
1214 1683 1409 1766 executione
1424 1683 1570 1746 mandati
1583 1684 1699 1752 nostri,
1714 1699 1773 1761 pro
1786 1701 1829 1746 eo
1844 1684 1944 1758 facti,

1136 1780 1178 1840 ad
1193 1781 1426 1842 scholasticum
1442 1781 1548 1843 sancti
1566 1781 1714 1853 Quintini
1732 1783 1896 1844 Noviom.
1913 1786 1947 1845 et

1137 1878 1327 1954 conjudices
1341 1881 1424 1956 ejus,
1440 1878 1582 1940 obtinuit
1595 1879 1718 1956 scripta
1733 1881 1865 1952 nostra,
1885 1880 1947 1958 qui

1135 1974 1282 2038 tulerunt
1306 1976 1533 2053 suspensionis
1558 1975 1590 2038 et
1612 1977 1945 2039 excommunicatio-

1132 2073 1188 2136 nis
1203 2074 1382 2136 senteniias
1396 2074 1432 2135 in
1447 2073 1589 2136 eosdem.
1607 2075 1701 2136 Unde
1715 2075 1811 2136 nohis
1825 2076 1947 2136 humi-

1135 2169 1212 2232 liter
1226 2171 1464 2247 supplicarunt,
1481 2174 1629 2250 utquam
1647 2173 1682 2235 in
1697 2173 1814 2236 eadem
1829 2176 1946 2236 eccle-

1136 2267 1186 2328 sia
1201 2267 1372 2329 duodecim
1395 2269 1620 2331 tantummodo
1644 2270 1711 2332 sint
1733 2271 1943 2348 praehendae,

1135 2366 1169 2426 ei
1180 2364 1220 2426 oh
1234 2365 1296 2426 hoc
1311 2380 1378 2426 non
1391 2366 1463 2428 sine
1478 2381 1597 2443 magno
1619 2367 1814 2444 gravamine
1838 2369 1943 2430 simul

1135 2461 1310 2539 providere
1324 2464 1467 2540 possent,
1485 2465 1585 2542 utque
1600 2463 1786 2527 laceremus
1799 2467 1943 2528 easdem

1136 2659 1182 2716 bb.
1199 2661 1234 2729 V,
1259 2659 1366 2718 Arnai.
1388 2659 1637 2718 Gallo-Flcndrim.
1653 2662 1735 2718 llunc
1750 2658 1939 2718 archidiaco·

1135 2745 1203 2786 num
1217 2730 1332 2803 quidam
1354 2731 1520 2788 existimant
1540 2745 1604 2790 esse
1625 2730 1762 2788 iacobum
1778 2731 1940 2788 Pantaleo-

1135 2815 1211 2869 nem,
1228 2803 1277 2874 qni
1291 2802 1395 2859 deinde
1410 2801 1572 2858 Patriarcha
1597 2802 1890 2874 hierosolymitanus,
1906 2815 1941 2858 ac

1135 2871 1940 2944 postmodumPontifexllax.UrbanuslV,nuucupatus.

1171 2945 1231 3000 lloc
1239 2943 1393 3015 capitulum
1405 2957 1541 3070 magnam
1554 2944 1664 3017 peperit
1673 2944 1891 3000 contentionem
1901 2944 1942 2998 in-

1134 3020 1176 3069 ter
1191 3015 1369 3085 interpretes,
1394 3020 1423 3070 et
1438 3029 1453 3069 a
1467 3015 1509 3070 ias
1531 3029 1582 3085 pro
1605 3011 1740 3070 cathedra
1763 3023 1894 3069 vacante
1911 3014 1941 3068 iu

1134 3092 1230 3141 nostra
1241 3086 1426 3141 universitate
1446 3085 1586 3140 Tolosana
1608 3089 1638 3140 in
1660 3091 1863 3156 argumentum
1884 3099 1938 3158 pu·

1133 3154 1214 3212 blicae
1229 3155 1272 3212 dis
1293 3157 1427 3212 utationia
1440 3153 1634 3236 pertriduum,
1648 3161 1679 3212 ut
1697 3162 1827 3218 mosset,
1842 3170 1938 3226 praes·

1134 3227 1254 3298 criptum
1265 3171 1326 3283 liiii.
1343 3225 1427 3297 Cujus
1438 3225 1502 3282 ideo
1516 3224 1657 3282 lubentius
1673 3224 1855 3299 hypothesim
1874 3239 1940 3298 pro

1134 3311 1220 3368 pono,
1237 3297 1312 3369 quod
1324 3310 1426 3354 omnes
1438 3294 1497 3352 lare
1512 3295 1541 3352 in
1560 3295 1614 3352 hac
1627 3303 1707 3367 parte
1723 3297 1890 3424 geccarint,
1903 3309 1939 3352 eo

1132 3367 1208 3495 guod
1223 3367 1308 3441 hujus
1329 3369 1452 3440 antiquae
1466 3366 1677 3438 compilationis
1703 3366 1721 3423 n
1742 3381 1788 3423 om
1804 3381 1863 3424 nou
1884 3366 1937 3423 ha·

1153 3447 1260 3496 erent.¹

1169 3509 1334 3580 Raeverdus,
1355 3509 1477 3567 clericus
1491 3508 1693 3567 Noviomensls
1719 3509 1860 3577 ecclcsiae,
1885 3522 1938 3582 pro

1133 3580 1285 3650 praebenda
1303 3579 1455 3637 obtinenda
1469 3581 1498 3636 in
1511 3581 1632 3637 ecclesia
1645 3581 1673 3638 S.
1687 3580 1784 3638 Crucis
1798 3580 1938 3641 Camera-

1132 3653 1221 3719 censi,
1244 3653 1351 3708 litteras
1367 3651 1531 3708 monitorias
1553 3665 1587 3708 ao
1610 3651 1810 3723 praeceptorias
1825 3650 1862 3706 ad
1885 3665 1936 3707 ca·

1133 3721 1251 3793 pitulum
1270 3730 1299 3779 et
1309 3723 1464 3778 canonicos
1475 3722 1697 3780 cameracenses
1714 3722 1856 3793 impetrat.
1866 3723 1940 3778 Pes

1132 3799 1177 3848 tea
1194 3791 1357 3860 Balduinus,
1386 3793 1508 3848 clericus
1531 3793 1728 3854 'tornacensis
1744 3807 1795 3864 pro
1827 3791 1938 3849 eodem

1131 3864 1311 3920 executorias
1325 3865 1433 3919 litteras
1445 3863 1608 3934 impetravit
1629 3863 1664 3920 ad
1683 3864 1820 3921 iacobum
1837 3862 1937 3919 archi·

1131 3933 1283 3990 diaconum
1320 3935 1541 4002 tornacensem,
1568 3942 1596 3990 et
1622 3934 1684 4005 ejus
1713 3933 1853 4006 collegas,
1880 3947 1936 3990 seu

1131 4005 1341 4063 concanonicos
1354 4005 1482 4076 scriptas,
1503 4005 1578 4062 nulla
1596 4003 1668 4061 iacta
1687 4005 1833 4061 mentione
1853 4004 1934 4061 litte·

1131 4089 1238 4144 rarum,
1254 4090 1325 4148 quas
1341 4074 1495 4131 Roevardus
1513 4073 1682 4132 obtinuerat.
1699 4075 1868 4132 Nolentibus
1884 4088 1935 4132 ca-

1131 4147 1242 4202 nonicis
1264 4144 1517 4204 cameracensibus
1535 4157 1635 4216 parere
1657 4144 1819 4216 hujusmodi
1844 4160 1934 4202 man·

1131 4215 1936 4288 deto,laoohusetey'ussociussuspensionissenteutiam

1130 4287 1158 4344 in
1170 4303 1219 4346 eoa
1229 4287 1362 4354 tulerunt,
1379 4287 1444 4344 licet
1454 4287 1513 4358 jam
1529 4287 1583 4358 ipsi
1596 4289 1630 4342 ab
1643 4288 1814 4344 executoriis
1826 4287 1935 4343 litteris

1130 4360 1331 4431 appellassent.
1349 4356 1456 4415 Deinde
1477 4357 1631 4415 Raerardus
1646 4357 1781 4430 praedicto
1794 4357 1880 4424 iacto,
1905 4355 1935 4414 id

1129 4438 1173 4486 est
1184 4431 1320 4503 petitione
1332 4443 1394 4498 sua,
1406 4443 1457 4502 per
1468 4429 1577 4486 litteras
1588 4429 1789 4502 praeceptorias
1798 4436 1826 4485 et
1840 4428 1936 4486 moni·

1129 4502 1216 4559 torias
1240 4500 1324 4569 lacte,
1352 4501 1387 4558 ad
1410 4499 1612 4557 scholasticum
1641 4501 1733 4556 sancti
1748 4499 1875 4568 Quintini
1904 4505 1934 4556 et

1129 4571 1292 4644 conjudices
1304 4573 1408 4654 pariter
1417 4571 1595 4628 executorias
1607 4569 1642 4626 ab
1653 4571 1778 4627 Honorio
1792 4571 1934 4652 impetra·

1129 4641 1177 4711 vit,
1195 4643 1242 4714 qui
1264 4642 1379 4714 quidem
1405 4642 1492 4697 etiam
1515 4641 1685 4698 sententiam
1711 4641 1930 4714 suspensionis,

1128 4717 1157 4766 et
1179 4709 1483 4767 excommunicationis
1508 4710 1537 4767 lu
1563 4711 1680 4768 eosdem
1704 4713 1933 4768 cameracenses

1128 4783 1283 4838 canonicos
1297 4781 1431 4837 tulerunt.
1449 4779 1529 4838 Unde
1542 4780 1569 4837 ht
1586 4782 1622 4839 ad
1643 4795 1786 4838 summum
1808 4782 1930 4839 Pontifi-

1128 4865 1191 4908 cem
1202 4857 1358 4922 recurrunt.
1376 4858 1405 4906 et
1419 4859 1625 4922 representem
1636 4851 1786 4909 duodecim
1799 4859 1930 4910 tanturn·

1128 4921 1213 4978 modo
1225 4936 1289 4978 esse
1305 4920 1472 4993 praebendas
1487 4923 1515 4978 in
1528 4922 1604 4979 dicto
1618 4923 1742 4994 capitulo
1763 4935 1798 4979 ex
1813 4924 1932 4980 statutis

1125 4991 1931 5066 iureiurandoconllrmatis;etitasinemagnolloclesiae

1128 5061 1277 5134 dispendio
1292 5069 1451 5135 utrumque,
1468 5063 1635 5120 liaevardum
1652 5065 1759 5122 scilicet
1773 5072 1801 5120 et
1811 5063 1928 5122 Baldui-

1128 5149 1196 5215 num
1223 5133 1404 5206 praebendam
1428 5148 1485 5192 non
1505 5149 1589 5207 posse
1612 5135 1750 5192 obtinere.
1779 5137 1929 5208 Rogantes

1128 5219 1242 5275 insuper
1257 5211 1287 5261 ut
1313 5205 1468 5261 sententias
1482 5205 1786 5262 excommunicationis
1809 5214 1837 5261 et
1861 5221 1928 5263 sus·

1127 5276 1273 5346 pensionis
1287 5289 1421 5331 revocare
1436 5275 1611 5348 dignaretur,
1625 5277 1743 5348 eoquod
1756 5278 1782 5332 in
1796 5276 1929 5347 utrisque

1127 5347 1227 5403 litteris
1245 5361 1413 5417 expressum
1428 5354 1514 5410 essct,
1531 5361 1567 5403 ne
1578 5348 1697 5404 ecclesia
1713 5347 1931 5405 Cameracensis

1127 5418 1154 5473 in
1171 5418 1287 5473 alterius
1308 5418 1469 5488 receptione
1482 5415 1617 5473 damnum
1641 5419 1767 5475 sentiret.
1785 5417 1853 5474 ldeo
1865 5419 1926 5474 llo·

1127 5488 1224 5544 norius
1235 5487 1398 5559 respondet,
1414 5488 1440 5543 ci
1454 5494 1562 5545 tantum
1574 5487 1755 5560 probandam
1772 5489 1928 5560 assignan-

1126 5557 1191 5614 dam
1208 5555 1278 5626 ioro,
1295 5559 1341 5629 qui
1353 5559 1429 5631 prius
1448 5556 1611 5615 mandatum
1635 5561 1799 5631 reportavit,
1816 5559 1928 5616 sublata

1126 5629 1706 5687 etiamscntentiaexcommunicationiset
1718 5629 1926 5702 suspensionis.

1162 5701 1204 5756 Ex
1228 5698 1281 5755 hac
1307 5700 1490 5757 conclusione
1517 5699 1634 5756 llonorii
1666 5700 1701 5757 lis
1724 5713 1829 5773 magna
1852 5701 1927 5758 inter
