3968 6296
252 309 312 376 ,623
716 311 893 373 HONORII
915 312 960 377 ΙΙΙ
982 311 1130 376 OPERA.
1148 337 1185 354 ··-
1203 307 1435 373 SERMONES.
1852 305 1905 368 624

167 505 169 510 -
252 469 383 536 tivltate
411 487 508 536 namo
531 474 582 536 est
608 471 665 550 qul
694 487 730 532 se
753 470 945 544 abscondat,
963 469 1049 533 idest
1103 470 1169 532 duo
1179 469 1339 550 praedicta
1353 467 1491 532 iaciunt.
1509 467 1662 544 Ideoque
1674 464 1800 537 Sancti,
1811 465 1908 530 silen·
1966 481 1967 492 ¹

253 568 575 634 slnePatreseesse
590 569 752 632 ostendat.
780 568 1047 634 UndeJoannes:
1103 569 1187 630 tium
1210 568 1273 630 θοθ
1297 567 1441 628 medium
1462 564 1598 628 dicunt.
1628 563 1782 626 Primum
1806 564 1906 625 silen-

254 671 305 730 Da
339 665 553 743 plcrzttodtae
592 670 667 739 ajars
703 681 823 730 martes
856 670 1050 742 accepturas
1104 666 1197 738 tium,
1215 665 1426 742 quandonon
1440 666 1492 727 est
1507 663 1569 742 qui
1592 661 1727 724 doceat.
1747 661 1905 725 UndeJe-

256 765 366 844 (Joan.
380 781 403 838 1,
420 763 483 845 lo).
500 764 584 836 Quid
598 764 752 841 praticae
762 765 983 841 proprattat
996 763 1050 826 Sic
1104 763 1247 826 remiss:
1276 767 1424 826 Parcae·
1450 760 1644 838 petierant
1666 775 1815 834 partem,
1845 776 1906 822 θοθ

255 863 345 925 enim
362 862 463 924 rerba
485 862 678 938 evangelica
697 862 829 927 sonant.
855 861 1050 939 Accepimus
1105 861 1501 938 cratqatfraaperetets
1515 857 1906 940 (luminalumina).
1966 913 1967 916 ,

256 962 345 1023 enim
359 961 400 1024 de
416 960 621 1037 plenitudine
639 961 712 1038 ejus
727 960 871 1038 prlmnm
885 961 1049 1037 qratiam,
1107 959 1293 1022 Secundsuu
1317 958 1497 1032 silentium,
1525 957 1668 1035 quando
1690 971 1759 1017 non
1787 957 1837 1017 est
1858 957 1908 1033 qui

256 1061 290 1122 et
301 1075 417 1120 rursus
428 1059 583 1135 aratiam
590 1072 659 1134 pro
671 1059 798 1135 pratia.
811 1057 903 1122 sicut
914 1073 934 1124 a
945 1057 1052 1136 splen·
1107 1057 1230 1120 audiat.
1246 1057 1339 1120 Unde
1357 1056 1547 1135 Propheta:
1571 1053 1747 1116 obsurdui
1761 1053 1794 1116 et
1807 1051 1909 1114 humi-

257 1156 392 1219 dorihns
418 1155 499 1221 solis
524 1155 757 1218 illuminantur
779 1155 906 1228 omnia,
936 1153 984 1220 isa
1012 1155 1052 1220 de
1107 1155 1206 1217 liatus
1219 1171 1292 1216 sum
1304 1155 1416 1216 nimis.
1432 1153 1587 1216 Tertium
1599 1152 1778 1214 silentium
1787 1152 1908 1228 quando

257 1254 463 1332 plenitudine
477 1255 595 1330 gratiae
616 1270 689 1331 quae
704 1253 767 1316 iun
787 1254 822 1318 in
837 1253 978 1326 Christo,
995 1268 1054 1316 ao·
1107 1268 1175 1315 nou
1189 1253 1310 1331 estqui
1324 1253 1452 1322 doceat,
1467 1252 1522 1316 vel
1537 1251 1673 1314 audiat.
1691 1249 1789 1312 Unde
1802 1249 1909 1327 Cythe-

257 1352 339 1430 cipit
353 1351 460 1412 omnis
475 1351 597 1413 anima.
611 1350 716 1412 Valde
730 1367 809 1428 ergo
822 1349 1052 1414 desiderabilis
1107 1345 1208 1414 radus
1226 1353 1364 1414 noster:
1398 1353 1523 1414 Οθοθθθ
1555 1349 1842 1420 decurtaverant,
1864 1352 1910 1410 st-

258 1450 332 1512 erat
342 1449 487 1527 antiquis
500 1447 654 1513 Patribus
663 1449 735 1527 ipse
745 1449 906 1514 adventus
917 1448 1050 1524 Christi,
1106 1454 1178 1512 mal
1211 1450 1350 1512 taatttee
1379 1450 1463 1524 sacti
1495 1448 1584 1511 sant
1621 1451 1661 1509 ta
1694 1447 1820 1508 studita
1843 1449 1910 1508 sats

257 1547 299 1610 de
313 1563 454 1626 quorum
468 1562 606 1608 nurnero
621 1545 761 1610 forsitan
782 1545 845 1612 luit
864 1546 922 1610 ille
942 1545 1054 1610 Haba—
1109 1545 1178 1627 (Ps.
1205 1548 1263 1620 13,
1285 1544 1330 1626 3).
1352 1547 1392 1608 nt
1413 1547 1477 1608 hoc
1498 1546 1552 1609 est
1565 1543 1721 1607 medium
1736 1542 1908 1604 silentium.

259 1661 332 1718 cuc,
356 1645 506 1724 quicum
530 1659 650 1722 magno
670 1644 835 1710 desiderio
857 1643 1055 1722 expectabat
1109 1647 1146 1706 Ιθ
1167 1644 1275 1722 primo
1298 1659 1378 1720 ergo
1407 1642 1542 1706 silentio
1572 1642 1674 1704 muti.
1706 1644 1745 1702 ln
1774 1641 1909 1703 secundo

259 1743 368 1821 ipsum
383 1743 561 1806 adventum
580 1741 714 1816 Christi,
735 1743 769 1806 et
783 1743 868 1806 alios
887 1757 1053 1822 coexpec-
1109 1742 1273 1805 surdi.1n
1294 1741 1393 1806 tertio
1407 1742 1491 1804 muti
1503 1742 1537 1804 et
1549 1740 1662 1814 surdi,
1680 1739 1761 1817 quia
1780 1754 1844 1800 non
1865 1738 1910 1800 lo-
1966 1783 1967 1788 η

259 1841 384 1904 tutores
403 1857 481 1904 suos
496 1841 537 1919 ad
549 1841 744 1919 patientiam
752 1841 949 1920 expectandi
962 1841 1054 1904 iuri·
1110 1842 1246 1918 quentes
1261 1857 1324 1903 nec
1337 1840 1522 1902 audientes.
1552 1841 1597 1901 Et
1619 1839 1687 1900 lioc
1708 1837 1761 1898 est
1774 1835 1909 1897 medium

259 1939 334 2002 tans
350 1939 477 2003 aiebat:
499 1943 586 2008 data
599 1943 672 2016 ipsc
688 1944 857 2004 Dominus
876 1939 1055 2016 apparebit
1110 1939 1290 2002 silentium.
1305 1941 1342 2000 ln
1357 1939 1464 2016 primo
1473 1937 1611 2000 silentio
1620 1934 1820 2012 ignorantes
1828 1948 1910 1994 mor-

258 2041 297 2101 ta
319 2041 425 2114 [taem
442 2041 476 2102 et
492 2054 561 2102 aori
578 2039 778 2112 mentietur,
795 2039 829 2102 et
842 2041 919 2102 ideo
937 2040 968 2102 st
981 2052 1056 2098 θοο-
1110 2037 1237 2100 borum.
1263 2039 1301 2099 In
1326 2037 1471 2099 secundo
1498 2052 1567 2098 non
1596 2032 1791 2113 quaerentes
1809 2047 1909 2093 reme-

261 2151 341 2200 raat
357 2137 489 2211 fecerat,
511 2135 656 2211 eaprcta
674 2150 765 2211 earn,
788 2139 870 2210 qaia
890 2138 948 2209 aad
966 2149 1055 2198 aea·
1111 2135 1211 2197 dium.
1239 2138 1277 2197 In
1298 2135 1397 2199 tertio
1415 2134 1642 2211 despicientes
1669 2131 1847 2192 medicum.
1874 2129 1908 2190 Et

263 2235 365 2298 taras
397 2235 449 2296 est
482 2233 597 2296 veritat
629 2231 663 2296 et
688 2248 757 2294 aaa
790 2233 941 2296 tardabit
967 2230 1055 2312 (lla-
1110 2233 1174 2296 hoc
1195 2235 1245 2296 est
1268 2233 1412 2294 medium
1432 2227 1907 2308 silentium.1nprim0silen-

261 2334 333 2395 bac.
349 2347 385 2405 n,
401 2330 447 2412 3).
466 2333 550 2394 Ecce
572 2329 710 2393 enimet
730 2330 789 2392 alii
811 2329 931 2394 iratres
950 2331 1056 2392 nostri
1110 2332 1157 2394 tio
1170 2331 1380 2410 aliquatenus
1396 2330 1560 2392 dissoluti.
1587 2332 1628 2391 ln
1644 2327 1796 2390 secundo
1809 2325 1907 2400 turpi-

144 2496 150 2510 ,
261 2444 391 2492 mecum
401 2427 495 2492 vobis
506 2427 648 2494 celerem
658 2428 730 2504 ejus
740 2425 916 2491 adventum
925 2442 1057 2491 θθθθθ-
1110 2429 1225 2493 tudine
1239 2431 1329 2490 nexi.
1343 2428 1490 2492 Intentio
1508 2426 1727 2506 poenitudine
1745 2440 1812 2486 non
1825 2439 1907 2484 com·

262 2527 358 2590 tiant.
1111 2527 1235 2606 puncti.
1271 2529 1312 2590 nt
1330 2526 1393 2590 hoc
1412 2526 1463 2589 est
1489 2526 1639 2588 medium
1661 2522 1843 2586 silentium.
1874 2522 1905 2579 ln

202 2645 205 2650 ·
312 2626 456 2686 Vertere
470 2623 708 2690 aeotetetaoa
721 2623 882 2692 tardabit,
895 2626 1056 2697 autarcen
1111 2627 1218 2703 primo
1239 2625 1373 2687 silentio
1397 2625 1548 2689 idolatrae
1577 2623 1675 2686 lacti.
1707 2617 1903 2683 insecundo

262 2722 445 2798 disseretur
465 2722 640 2794 sceptrum
665 2723 707 2782 de
729 2723 830 2794 larda,
858 2721 892 2786 et
915 2723 988 2784 dua
1015 2723 1057 2784 do
1111 2724 1256 2801 pondere
1268 2723 1478 2802 peccatorum
1493 2722 1603 2784 tracti.
1619 2723 1659 2782 ln
1673 2719 1776 2782 tertio
1790 2717 1824 2777 in
1838 2715 1904 2776 des·

262 2824 393 2896 seruare
417 2823 503 2894 etia,
527 2821 633 2882 detrec
651 2819 770 2883 veritat
790 2821 848 2893 qai
868 2819 1057 2883 mittendas
1111 2822 1282 2898 paratione
1297 2820 1434 2883 redacti.
1451 2823 1491 2882 ut
1504 2821 1568 2882 lioc
1582 2821 1637 2882 est
1649 2817 1797 2879 medium
1811 2814 1903 2874 silen-

263 2915 538 2997 est(Gen.xn1x‚
561 2915 624 2996 10).
650 2916 797 2978 Veniens
817 2916 930 2981 veniet
943 2916 977 2979 et
989 2931 1056 2978 nou
1110 2919 1204 2981 tium.
1226 2919 1308 2981 Item
1330 2935 1404 2982 cum
1423 2918 1572 2980 medium
1588 2916 1765 2979 silentium
1786 2911 1902 2974 teneret

261 3015 416 3088 tardabit,
431 3015 509 3092 quia
519 3029 596 3076 ecce
610 3013 722 3076 veniet
736 3013 902 3090 Propheta
917 3029 1056 3090 magnus
1111 3017 1223 3079 omnia
1245 3019 1280 3080 et
1301 3033 1369 3079 nox
1394 3017 1430 3078 in
1454 3031 1517 3078 sao
1544 3032 1656 3078 carra
1674 3015 1826 3076 mediam
1842 3010 1901 3070 tter

263 3115 297 3178 et
307 3114 379 3190 ipse
393 3111 567 3174 renovabit
578 3110 774 3176 Jerusalem.
790 3112 937 3174 Veniens
946 3111 1057 3175 reniet
1108 3117 1304 3193 perapcret,
1335 3115 1542 3191 omnipotens
1570 3128 1686 3176 sermo
1715 3113 1812 3180 tuus,
1839 3109 1900 3168 Do-

262 3211 373 3273 etnon
384 3208 539 3282 tardabit,
551 3208 798 3286 (illiaDOminus
809 3209 1010 3286 ipsereniet
1025 3209 1058 3272 et
1110 3215 1211 3286 mine,
1230 3230 1250 3275 a
1268 3212 1438 3290 regalibus
1451 3211 1585 3274 sedibus
1599 3210 1707 3283 venit,
1725 3209 1763 3270 ut
1775 3221 1830 3269 eos
1849 3203 1898 3280 qui

263 3307 406 3372 salvabit
426 3323 498 3369 nos.
517 3307 663 3370 Veniens
684 3306 797 3369 veniet
813 3308 846 3370 et
863 3307 1057 3371 nontarda-
1110 3312 1147 3374 in
1182 3310 1304 3372 mundo
1341 3310 1437 3373 erant
1475 3309 1667 3372 redimeret.
1708 3310 1784 3384 Ipse
1821 3302 1899 3364 enim
1966 3311 1967 3318 ¹

261 3405 329 3478 bit,
356 3406 434 3485 quia
467 3421 550 3471 0000·
583 3404 695 3472 veniet
719 3405 880 3470 Dominus
902 3405 1055 3482 princeps
1110 3409 1183 3473 erat
1221 3409 1290 3472 rita
1330 3409 1364 3470 et
1392 3408 1462 3468 lux.
1494 3407 1570 3470 Vita
1604 3399 1897 3468 immarcescibilis.

262 3520 378 3582 regum
401 3504 512 3567 terrae.
530 3503 624 3568 Beati
647 3503 705 3581 qut
725 3503 835 3582 parati
849 3503 1057 3568 suntoccur-
1110 3509 1184 3569 Lux
1205 3505 1562 3584 incomprehensibilis.
1600 3505 1705 3568 Venit
1731 3501 1818 3564 enim
1848 3497 1898 3556 lui

261 3619 337 3666 rere
347 3602 408 3665 illi.
421 3602 517 3675 Veni,
534 3601 685 3674 Domine,
705 3601 739 3663 et
750 3600 819 3663 noli
830 3600 974 3666 tardare.
986 3601 1056 3662 Dis
1110 3607 1143 3668 et
1167 3605 1259 3676 rita,
1295 3605 1329 3666 ut
1357 3603 1539 3666 auterendo
1567 3605 1709 3666 mortem
1739 3597 1831 3662 daret
1853 3593 1898 3656 vi-

131 3705 134 3720 ·
262 3701 373 3778 posuit
391 3699 504 3762 amen
522 3698 668 3764 coelestis
691 3697 830 3760 altitudo
857 3697 1000 3769 consilii,
1020 3699 1056 3759 ut
1109 3705 1187 3766 tam.
1205 3704 1305 3766 venit
1325 3702 1394 3776 lux,
1417 3703 1454 3764 ut
1471 3701 1616 3777 rugando
1635 3698 1794 3764 masuras
1814 3691 1898 3754 daret

262 3797 336 3860 ideo
351 3795 499 3860 medicus
517 3795 633 3858 venire
648 3793 798 3859 differret
817 3794 859 3856 ad
870 3795 1054 3859 sanandum
1109 3801 1227 3862 lucem.
1248 3801 1347 3863 Venit
1366 3801 1399 3862 et
1422 3815 1530 3862 sermo
1545 3799 1616 3871 Dei,
1634 3800 1672 3861 ut
1693 3791 1859 3858 liberando
1878 3803 1894 3846 a

260 3894 432 3971 aegrotum,
449 3909 502 3962 ns,
519 3893 548 3954 si
562 3892 760 3958 festinanter
773 3892 936 3966 uenisset,
957 3894 1056 3970 puta·
1109 3898 1255 3976 peccate,
1279 3897 1438 3960 liberaret
1463 3913 1483 3958 a
1510 3897 1673 3958 daemonis
1690 3898 1784 3972 jugo.
1808 3885 1896 3950 Venit

260 3992 312 4056 ret
325 3991 471 4068 aegrotus
488 4005 525 4052 se
545 4005 612 4060 non
627 3989 748 4052 medici
767 3990 899 4063 virtute,
921 3990 979 4052 sed
993 4007 1055 4052 na·
1109 4012 1188 4073 ergo
1204 3997 1410 4073 omnipotens
1425 4011 1533 4056 sermo
1550 3995 1638 4056 tuus.
1664 3990 1825 4069 Loquitur
1837 3987 1895 4046 Pa-

259 4089 343 4152 turae
357 4089 472 4167 vigore
494 4089 551 4152 aut
569 4088 772 4152 infirmitatis
795 4088 930 4156 levitate
953 4105 1054 4156 sana·
1107 4095 1170 4169 ter,
1185 4095 1331 4172 loquitur
1345 4094 1461 4167 Filius,
1478 4093 1624 4170 loquitur
1635 4090 1781 4170 Spiritus
1796 4088 1892 4147 sanc-

258 4188 339 4261 tum,
363 4187 397 4252 et
418 4187 700 4267 sicviiipenderet
717 4186 893 4259 meadum,
910 4188 1053 4265 esparsi
1108 4194 1172 4255 tus.
1200 4193 1301 4254 Pater
1328 4191 1476 4269 loquitur
1510 4189 1613 4254 veria
1649 4179 1889 4268 promissionis,

257 4286 417 4364 penderet
429 4285 671 4362 aegritudinem.
695 4285 736 4346 Et
748 4284 824 4349 ideo
839 4285 968 4348 distulit
982 4302 1054 4359 me·
1108 4291 1213 4352 Filius
1229 4289 1483 4362 exhortationis,
1506 4287 1650 4364 Spiritus
1666 4284 1806 4348 Sanctus
1818 4291 1892 4340 con-

259 4385 353 4446 dicus
376 4385 499 4453 noster,
522 4381 610 4446 idest
633 4381 804 4456 Salvator,
833 4381 991 4446 accedere
1017 4384 1054 4446 ut
1108 4387 1291 4450 solutionis.
1326 4387 1486 4466 Loquitur
1520 4401 1600 4462 ergo
1637 4389 1740 4446 Pater
1764 4373 1891 4458 promit·
1966 4413 1967 4418 κ

259 4482 405 4547 salvaret
417 4481 573 4558 populum
586 4497 693 4552 suum,
706 4480 811 4546 donec
823 4481 1054 4557 peccatorcla·
1107 4485 1217 4555 tendo,
1241 4486 1346 4548 Filius
1364 4484 1583 4553 exhortando,
1601 4483 1745 4562 Spiritus
1761 4475 1891 4541 Sanctus

260 4579 366 4644 maret
380 4578 622 4670 frequentaret
636 4578 777 4643 diceret:
793 4579 891 4651 Veni,
902 4579 1050 4652 Domine,
1107 4583 1321 4646 consolando.

258 4679 292 4739 et
305 4677 375 4738 noli
393 4676 547 4753 tardare;
563 4676 679 4738 relaxa
694 4674 1049 4754 iecinoraplebistuae,
1145 4680 1205 4742 Vis
1231 4679 1348 4740 audire
1373 4679 1626 4755 promissionem
1654 4675 1786 4740 Patrist
1814 4671 1887 4732 Vtri-

258 4775 372 4840 lsrael.
389 4777 493 4837 Porro
510 4773 674 4836 subtilior
686 4773 750 4835 etsi
777 4773 937 4838 secretior
951 4772 1050 4851 nidus
1104 4777 1195 4840 cerati·
1204 4779 1288 4838 dado
1298 4779 1399 4838 edere
1411 4778 1452 4838 de
1463 4780 1554 4853 ltpao
1565 4777 1646 4836 etta
1658 4774 1772 4855 (Apoc.
1784 4785 1817 4841 11,
1831 4762 1884 4842 ii).

256 4870 425 4936 dilationis
450 4871 501 4934 est
527 4872 624 4942 ratio,
650 4887 748 4948 quam
772 4871 936 4948 sapientia
955 4872 1050 4935 nobis
1105 4875 1163 4936 Vis
1176 4873 1292 4936 audire
1311 4871 1432 4933 Filium
1454 4873 1706 4935 exhortantemt
1727 4873 1804 4934 Vivo
1822 4875 1885 4940 cao,

255 4967 413 5030 insinuat.
428 4969 511 5028 Dum
526 4967 680 5039 medium,
690 4968 809 5044 inquit,
818 4968 987 5033 silentium
995 4971 1049 5032 te·
1088 4972 1389 5040 decollandam,
1413 4975 1488 5032 noto
1518 4973 1668 5033 astartem
1693 4961 1883 5046 peccatoria

255 5064 373 5130 nerent
386 5063 508 5136 omnia,
525 5064 558 5128 et
572 5079 639 5125 nox
653 5065 689 5126 in
708 5081 768 5136 suo
789 5082 890 5128 cursu
905 5067 1049 5131 medium
1105 5066 1235 5148 (Erech.
1261 5083 1383 5136 xxxiii,
1409 5065 1472 5144 11).
1497 5068 1581 5129 Vivo
1605 5083 1677 5144 ego,
1701 5067 1777 5146 quia
1794 5063 1883 5139 jnra-

254 5161 318 5226 iter
346 5161 535 5239 perageret,
570 5161 778 5238 omnipotens
809 5177 916 5225 sermo
949 5165 1046 5238 tuus,
1103 5165 1249 5227 mentum
1270 5164 1324 5225 vel
1344 5165 1586 5226 sacramentum
1608 5165 1743 5242 jnrandi
1770 5152 1883 5223 eratin

252 5259 403 5328 Domine,
417 5276 437 5322 a
452 5258 624 5336 regalibus
634 5259 768 5321 sedibus
780 5259 883 5322 venit.
1103 5263 1187 5339 lege.
1203 5264 1273 5324 Nec
1294 5276 1359 5324 non
1381 5262 1432 5324 est
1450 5263 1575 5338 juratio
1598 5263 1741 5336 Domini,
1758 5250 1881 5322 scilicet,

292 5357 428 5434 Triplex
450 5358 501 5420 est
527 5356 707 5419 silentium.
736 5357 894 5429 Primum,
916 5357 1047 5434 quando
1102 5361 1348 5432 sarclioasmos,
1375 5359 1461 5420 idest
1486 5358 1617 5422 hostilis
1645 5361 1767 5422 irrisio.
1793 5345 1881 5425 Quasi

252 5455 361 5534 parati
383 5454 462 5517 sunt
482 5455 662 5528 auditores,
692 5469 754 5518 nec
773 5453 897 5531 estqui
918 5453 1044 5520 doceat.
1102 5457 1227 5520 diceret
1243 5479 1250 5518 :
1266 5460 1284 5519 J
1289 5456 1374 5518 udaei
1397 5457 1598 5534 putaverunt
1620 5473 1672 5518 ine
1697 5457 1835 5520 detinere
1852 5445 1881 5506 in
1966 5531 1967 5540 ἵ

254 5553 453 5627 Secundum,
464 5553 596 5630 qnando
608 5551 718 5630 parati
728 5552 806 5612 sunt
817 5551 1046 5621 doctores,nec
1101 5555 1218 5628 morte,
1236 5570 1336 5632 quum
1351 5570 1404 5615 me
1420 5554 1620 5623 occiderent,
1634 5555 1692 5616 sed
1714 5541 1878 5616 resurrexi.

251 5653 302 5715 est
325 5652 380 5731 qui
405 5651 528 5716 audiat.
553 5649 700 5714 Tertium
724 5649 810 5728 quod
829 5649 1047 5712 communiter
1100 5654 1175 5714 Non
1202 5653 1297 5730 qnasi
1312 5638 1314 5640 ’
1329 5651 1515 5714 decedendo
1543 5653 1592 5713 eis
1619 5653 1756 5732 loquens
1781 5642 1876 5708 diiit:
