4066 6294
307 336 342 394 tl
914 329 1086 389 HONORII
1107 327 1152 387 111
1173 327 1318 388 OPERA.

304 485 369 564 ipsl
384 490 593 567 mappularii,
618 491 704 556 elcut
725 491 875 572 superius
890 492 1090 556 estenama-

306 585 384 658 tum,
401 585 520 648 debent
542 603 670 664 semper
691 589 725 648 in
748 589 958 665 processione
970 603 1088 665 aquam
1301 575 1446 640 XXVIII·
1460 579 1761 641 Deflalldondffli·

305 680 445 742 calidam
457 682 588 744 domino
601 687 699 760 Papae
713 699 900 760 praeparare
916 706 924 745 ε
942 686 975 746 et
988 686 1023 746 in
1035 685 1088 746 die
1178 721 1378 784 Bandonaffi
1398 724 1531 788 colosaei
1551 728 1584 788 et
1605 725 1769 788 cacabarii

305 777 417 838 sancto
430 778 521 840 lovis
546 793 702 840 manuum
722 779 929 842 medietatem
954 779 1088 842 subdia·
1139 815 1290 880 dominus

304 873 377 933 coni
389 872 511 935 habere
525 872 652 937 dehent.

1773 770 1782 798 ,
1795 723 1942 802 quando

1313 821 1403 897 Papa
1425 821 1612 894 coronatur,
1631 822 1667 882 in
1691 820 1852 883 cundoet
1873 836 1941 881 re-

1139 911 1266 976 deundo
1276 915 1382 992 ipsum
1392 932 1466 977 cum
1476 917 1607 978 vexillis
1617 917 1816 994 praecedunt.
1828 917 1937 989 Quasi

339 1040 456 1101 xxm,
472 1041 522 1102 De
535 1043 794 1116 Majorenmus,
807 1045 866 1118 qu,
875 1041 1048 1107 summu
1138 1009 1259 1070 etenim
1273 1025 1338 1071 una
1351 1011 1463 1074 schola
1478 1014 1545 1089 est,
1567 1013 1600 1076 et
1613 1012 1728 1074 eadem
1742 1011 1795 1074 die
1808 1011 1943 1074 debent

605 1140 777 1200 amma,
1138 1105 1785 1188 comederecumeodemdominoPapa.

337 1269 387 1328 47.
410 1269 609 1346 Majorentes
622 1270 731 1330 autem
741 1269 781 1330 ad
795 1269 920 1332 curiam
930 1269 1086 1332 accedere
1323 1283 1440 1346 xm,
1452 1287 1503 1348 pe
1515 1287 1734 1348 carmanis,

298 1377 365 1423 non
377 1363 496 1427 debent
507 1381 566 1442 pro
580 1366 714 1428 seruitio
727 1365 837 1442 aliquo
849 1365 1011 1440 iaciendo,
1027 1381 1086 1427 seu

298 1474 358 1535 pro
384 1459 461 1533 alio,
493 1461 558 1521 nisi
575 1462 609 1521 in
633 1461 687 1522 die
716 1462 938 1524 coronationis
962 1461 1085 1525 domini

298 1557 408 1631 Papae,
435 1555 502 1634 qui,
519 1556 595 1617 dum
610 1557 745 1634 equitat,
770 1557 905 1620 baculos
927 1557 1085 1620 habentes

298 1649 334 1711 in
346 1651 498 1712 manibus
515 1652 603 1714 uiam
625 1655 753 1730 parant,
770 1653 1011 1716 multitudinem
1026 1669 1087 1730 po-

1178 1411 1362 1475 Caldararii
1372 1414 1610 1480 debentiacere
1620 1415 1770 1478 caldaras
1779 1429 1903 1486 novas,
1915 1411 1951 1475 et

1137 1508 1265 1570 veteres
1277 1524 1452 1588 reparare,
1467 1528 1570 1576 novas
1581 1513 1735 1586 conchas,
1751 1514 1784 1574 et
1795 1513 1938 1574 veteres

1137 1618 1303 1681 reparare,
1323 1607 1452 1684 quando
1469 1624 1489 1670 a
1508 1608 1721 1686 supercoquis
1743 1607 1936 1684 requirim-

1137 1700 1201 1760 tur.
1217 1700 1257 1762 Et
1271 1702 1400 1779 quando
1422 1703 1583 1776 laborant,
1599 1703 1747 1764 decuria
1763 1703 1813 1764 eis
1830 1701 1938 1763 datur

1138 1794 1241 1868 cibus,
1256 1797 1289 1858 et
1308 1798 1486 1876 imicuique
1509 1800 1650 1876 quatuor
1663 1799 1737 1862 den.
1755 1797 1892 1860 scilicet
1911 1793 1948 1860 et

1137 1890 1260 1954 ferrum
1272 1892 1372 1956 etiam
1386 1895 1419 1958 et
1432 1893 1530 1958 carbo
1542 1894 1624 1973 ipsis
1638 1894 1744 1958 datur.

298 1747 367 1823 puli
379 1747 578 1809 removendo
595 1765 602 1803 :
617 1751 750 1825 propter
773 1749 857 1826 quod
878 1751 950 1826 ipsa
964 1749 1017 1811 die
1029 1765 1087 1811 oo-

249 1902 255 1908 .
295 1842 1085 1922 mederedebentcumdominoPapa.Iidemetiam

294 1939 493 2018 majorentes
517 1939 682 2003 summati
707 1941 820 2004 schola
844 1943 1016 2005 vocantur.

1332 2071 1433 2130 xxx.
1448 2074 1499 2133 be
1509 2071 1725 2148 saoconna.

1028 2239 1082 2300 ta·
1175 2197 1224 2260 54.
1242 2199 1425 2277 Scopalarii
1440 2199 1486 2280 (1)
1502 2201 1536 2262 in
1551 2201 1604 2263 die
1618 2198 1841 2262 coronationis
1861 2197 1933 2260 do-

1136 2293 1217 2354 mini
1229 2296 1333 2372 Papae·
1345 2295 1464 2359 debent
1474 2297 1596 2372 gradus
1617 2295 1738 2358 scholae
1761 2296 1795 2356 et
1814 2295 1932 2371 porti-

1136 2405 1209 2450 cum
1233 2406 1337 2468 usque
1362 2392 1403 2453 ad
1429 2392 1548 2465 locum,
1573 2391 1631 2454 ubi
1655 2391 1806 2454 dominus
1832 2393 1931 2469 Papa

1135 2485 1313 2561 descendit,
1326 2486 1497 2550 mundare,

479 2108 594 2169 xxiv.
610 2110 661 2170 Dc
677 2108 898 2172 Vestorortia.

332 2235 534 2298 vastarariis
548 2253 627 2299 vero
648 2239 684 2299 in
706 2237 857 2300 omnihus
876 2237 1027 2300 sollemni

292 2330 380 2394 tibus
402 2334 525 2394 sanotae
547 2333 673 2408 Mariae,
689 2335 920 2412 assumptione
934 2337 1081 2412 excepta,

292 2425 419 2490 iaciunt
441 2427 595 2490 candelas
610 2430 649 2491 de
672 2427 714 2510 (ὃ)
728 2431 848 2493 uinetis
863 2431 958 2505 vivis,
974 2447 1082 2508 papy-

292 2541 366 2585 rum
389 2541 448 2602 pro
476 2525 622 2588 candelis
637 2526 797 2603 aptantes.
816 2526 856 2589 Et
874 2527 1006 2604 propter
1020 2527 1083 2589 hoc

292 2636 367 2682 cum
387 2620 518 2683 domino
531 2623 620 2698 Papa
636 2623 809 2685 comedunt
820 2623 856 2684 in
870 2624 923 2684 die
938 2619 1081 2686 corona·
1310 2665 1427 2726 XXXI·
1442 2667 1494 2725 De
1512 2665 1743 2727 carbonariis·

290 2716 390 2778 tionis
401 2733 482 2791 suae,
494 2717 527 2779 et
536 2734 595 2795 pro
613 2717 907 2782 universisvinetis
918 2720 1082 2798 recipiunt

290 2811 330 2874 de
354 2813 458 2874 altare
482 2814 588 2875 sancti
611 2815 701 2876 Petri
723 2816 863 2892 quatuo,
875 2831 1005 2892 proves,
1021 2833 1080 2894 pro
1172 2791 1222 2854 55.
1238 2793 1431 2856 carbonarii
1445 2795 1481 2855 in
1495 2793 1548 2855 die
1563 2793 1785 2856 coronationis
1797 2791 1927 2855 domini

289 2907 371 2984 ipsis
383 2909 514 2969 vinetis.
531 2910 570 2970 Et
583 2909 634 2970 est
647 2909 827 2982 sciendum,
845 2911 930 2988 quod
945 2911 1001 2973 isti
1020 2929 1080 2990 pro
1133 2891 1232 2964 Palme
1255 2889 1335 2951 dant
1356 2889 1515 2952 ⁰³fb0110⁸
1538 2889 1698 2969 ⁰⁰‘Iffiflaes
1720 2889 1754 2954 θῑ
1774 2905 1835 2968 P1'0
1852 2890 1929 2967 ⁹⁴³¹·

291 3003 425 3065 servitio
449 3003 513 3066 ista
541 3003 665 3066 habent
690 3005 897 3068 medietatem
923 3023 1080 3070 manuum
1133 2983 1235 3046 dariis
1249 2985 1453 3064 reparandis·
1705 3007 1708 3012 ·

290 3100 390 3164 cartae
402 3097 459 3180 (al.
477 3098 739 3180 cassaa)maioris
754 3101 789 3164 in
803 3103 856 3165 die
870 3104 1018 3168 Paschae.
1348 3163 1481 3224 mm
1498 3166 1549 3225 De
1560 3165 1699 3226 mm,

510 3259 857 3324 mmmmm&
1048 3315 1053 3324 ·
1170 3294 1219 3355 56.
1231 3293 1423 3357 Judaeivaro
1433 3294 1671 3371 repraesentant
1680 3292 1811 3356 domino
1819 3295 1924 3371 Papae

329 3389 467 3452 Fiolarii
481 3391 660 3453 secundum
681 3393 851 3470 antiquam
863 3393 1077 3458 consuetudi.
1131 3389 1165 3449 in
1187 3390 1240 3451 die
1251 3381 1254 3386 ’
1264 3390 1486 3452 coronationis
1499 3406 1567 3451 suae
1582 3390 1688 3466 legem
1702 3391 1736 3452 in
1753 3391 1819 3462 via,
1833 3390 1867 3452 et
1888 3392 1922 3452 ei

287 3501 364 3548 nem
386 3486 465 3548 dare
493 3487 612 3551 debent
634 3488 674 3549 de
698 3490 831 3568 proprio
854 3490 1023 3569 lampadas
1046 3493 1080 3555 ot
1130 3484 1255 3548 faciunt
1273 3486 1399 3558 laudes,
1413 3485 1446 3549 θῒ
1459 3487 1526 3548 1108
1540 3485 1653 3558 libras,
1668 3501 1767 3547 unam
1782 3486 1921 3562 ΡῘΡθΐὶε,

289 3582 443 3644 candelas
466 3583 668 3660 propalatio
696 3585 925 3661 illuminando,
950 3590 1077 3666 quoties
1130 3583 1163 3645 et
1180 3582 1262 3642 duas
1283 3581 1386 3644 libras
1409 3581 1449 3644 de
1471 3581 1689 3655 cinnamomo,
1717 3581 1861 3644 afferunt
1877 3583 1924 3654 ad

289 3679 339 3740 est
352 3694 497 3740 necesse.
509 3679 647 3756 Propter
657 3681 742 3755 quod
752 3697 826 3742 cum
841 3682 972 3746 domino
987 3688 1077 3763 Papa
1129 3692 1305 3740 cameram.
1419 3745 1422 3750 ,

288 3773 463 3836 comedunt
475 3773 511 3833 in
525 3773 578 3833 die
590 3775 812 3837 coronationis
826 3792 906 3840 suae.

478 3867 480 3872 ·
1128 3853 1922 3930 marituma-esocemofflemtumcamerae

326 3947 442 4011 XXVI.
456 3949 1037 4018 Deb'errcrttscolumooeetsonctt
1369 4025 1370 4032 ἵ
1417 3953 1621 4013 comerent.

616 4049 745 4123 meli·
1167 4083 1216 4144 57.
1230 4084 1300 4144 Hoc
1314 4084 1364 4144 est
1379 4081 1619 4158 presbyterium
1631 4080 1716 4162 quod
1729 4079 1826 4142 datur
1837 4077 1918 4141 oiti-

326 4177 472 4240 Ferrarii
489 4177 529 4240 dc
546 4178 698 4242 columna
709 4179 828 4243 debent
840 4180 950 4246 iacere
961 4183 1074 4246 circu·
1128 4178 1266 4240 cialibus
1290 4193 1429 4239 camerae
1455 4176 1641 4248 camerarii,
1664 4176 1697 4238 et
1719 4175 1919 4237 officialibus

286 4272 336 4334 los
348 4274 514 4349 caldariae,
531 4277 681 4352 quotiens
693 4291 713 4337 a
725 4280 938 4356 supercoquis
951 4280 1074 4342 domini
1127 4273 1202 4335 aliis
1215 4273 1248 4335 et
1258 4272 1449 4334 curialibus.
1457 4271 1641 4348 Unicuique
1658 4271 1844 4343 curialium,
1859 4272 1919 4348 qui

286 4373 384 4446 Papae
401 4369 525 4433 suerint
537 4373 699 4447 requisiti,
711 4373 745 4434 et
754 4373 900 4449 tripodes
909 4375 1072 4438 similiter.
1127 4369 1309 4432 cortesiani
1317 4368 1487 4440 vocantur,
1497 4368 1617 4430 dantur
1626 4367 1690 4428 duo
1700 4367 1916 4444 marabotini;

285 4465 325 4526 nt
336 4467 469 4542 propter
481 4466 545 4527 hoc
557 4465 676 4528 debent
689 4467 841 4529 similiter
857 4469 1074 4532 comederem
1126 4467 1278 4544 scriptori
1288 4479 1428 4527 camerae
1439 4465 1504 4526 duo
1516 4463 1707 4535 melechini,
1722 4463 1917 4528 combiotori

286 4559 339 4621 die
353 4561 575 4623 coronationis
588 4579 662 4624 cum
677 4562 809 4625 domino
822 4565 923 4640 Papa·
937 4567 1075 4642 Propter
1127 4562 1190 4624 duo
1203 4561 1389 4634 melechini,
1399 4560 1520 4622 sartori
1529 4574 1667 4622 camerae
1680 4558 1744 4620 duo
1750 4560 1914 4632 saraceni,

206 4679 210 4687 ·
285 4653 432 4714 lahorem
446 4657 545 4716 etiam
560 4659 751 4732 praedictum
763 4659 883 4721 dantur
894 4659 942 4722 eis
956 4661 1022 4722 cibi
1034 4661 1074 4724 de
1126 4657 1252 4718 custodi
1265 4672 1403 4718 camerae
1413 4656 1476 4716 duo
1488 4655 1648 4726 saraceni,
1663 4654 1849 4716 senescalco
1860 4654 1917 4716 do-

286 4748 391 4820 cnria,
412 4749 541 4824 quando
562 4749 714 4813 laborant
736 4755 913 4833 unicuique
934 4759 1075 4834 quatuor
1126 4751 1317 4826 miniPapae
1330 4749 1535 4810 timelechini
1551 4771 1559 4810 :
1578 4749 1682 4811 eidem
1701 4750 1800 4811 etiam
1817 4749 1918 4812 datur

287 4843 362 4905 den.
378 4843 436 4904 sed
448 4843 546 4905 curbo
558 4845 657 4906 etiam
670 4846 704 4907 et
716 4845 839 4910 serrum
850 4866 910 4927 pro
922 4867 1032 4928 opere.
1126 4847 1161 4908 in
1177 4846 1357 4908 Nativitato
1373 4845 1502 4906 Domini
1518 4848 1723 4922 porcastrum
1737 4842 1784 4924 (2)
1798 4862 1914 4918 unum,

497 4995 1000 5075 oe
1125 5033 1915 5115 ω

325 5125 471 5187 Ferrarii
498 5125 750 5200 Sancti-Angeli
774 5127 862 5190 idem
888 5144 948 5205 per
961 5133 1072 5196 omnia
1125 5149 1223 5211 quam
1234 5131 1504 5194 benedictionem.
1518 5130 1705 5194 Notandum
1717 5130 1802 5208 quod
1815 5133 1914 5209 coqui

285 5217 394 5283 iacere
408 5221 441 5284 et
454 5221 601 5299 recipere
615 5221 744 5283 debent.
1124 5231 1157 5292 et
1180 5227 1327 5290 brodarii
1351 5223 1398 5306 (4)
1424 5224 1542 5287 debent
1564 5225 1686 5288 habere
1709 5226 1851 5288 sticchas
1875 5227 1914 5288 in
2019 5267 2020 5272 κ

334 5383 352 5424 c
380 5367 453 5426 llinc
467 5367 598 5426 illustrari
620 5374 712 5441 potest
730 5367 809 5426 locus
827 5367 963 5428 obscurus
987 5385 1071 5448 supra
1172 5383 1189 5440 a
1215 5383 1259 5440 Un
1273 5387 1399 5438 monton.

344 5439 434 5494 eloh.
447 5437 494 5494 uhi
504 5453 558 5508 pro
571 5438 660 5494 vineis
674 5437 769 5496 lorsm
783 5439 947 5512 legendum.
1160 5379 1200 5526 m
1217 5451 1343 5510 brodarii
1359 5449 1515 5520 brodaurs,
1544 5450 1681 5522 sllcchas,
1700 5450 1747 5511 rel
1759 5451 1849 5512 sucu
1866 5451 1910 5512 ot·
2018 5525 2019 5536 ἵ

352 5363 364 5440 l

335 5507 713 5656 ὲζὲοορειετίυεῠαὶαμθων.
1123 5525 1232 5583 tamem.

285 5451 343 5657 ‘l

377 5581 420 5640 Un
430 5591 516 5654 ponne
530 5590 607 5654 porc.
