3954 6358
48 277 120 339 689
641 264 687 326 ΙΝ
708 263 938 326 ΕΡΙΡΗΑΝΙΑ
958 265 1121 328 DOMINI.
1645 269 1706 331 690

51 430 280 514 supplebitur,
304 429 338 494 et
358 424 444 508 quod
465 423 538 506 3133
559 424 610 492 331
630 439 729 502 quam
750 422 854 497 decet,
910 425 945 486 31
955 426 1076 487 trisulca
1089 437 1237 488 3333333
1253 425 1399 500 offerent
1416 444 1423 487 ε
1440 439 1539 503 33333
1551 430 1706 490 Arabum

51 535 197 596 3333313
222 529 370 592 materiae
395 523 585 601 integritate
612 521 814 584 detrahetur.
837 538 856 581 u
911 523 1148 584 3183133333
1161 523 1329 584 adducent
1344 521 1412 603 (Ps.
1427 525 1477 592 71,
1493 523 1557 603 lo).

52 631 190 693 coloris
205 643 303 706 porro
319 624 481 687 serenitas
499 621 622 699 quanta
637 620 701 682 erit
721 619 755 678 in
778 633 856 680 cor·
951 619 1175 681 1313333333
1192 618 1325 680 luerunt
1341 615 1450 692 331311,
1460 637 1567 698 33333
1578 621 1707 684 maleli-

53 726 199 804 poribus
219 723 411 791 electorum,
434 717 564 796 quando
582 714 664 793 justi
687 713 858 790 fulgebunt
912 715 955 784 oi,
967 716 1023 778 sed
1036 717 1486 793 philosophiamagnitudine
1499 719 1646 782 scientiae
1658 722 1706 782 sic

52 824 150 885 sicut
163 821 258 884 solin
277 835 380 896 regno
393 816 502 878 Patris
519 814 647 876 eoruml
659 810 858 888 Agravitate
912 815 1032 885 333311,
1042 815 1119 891 3313
1130 814 1236 876 Graeci
1247 813 1461 892 philosophos
1471 816 1602 886 vocant,
1611 818 1707 878 Persi

53 937 121 998 per
145 919 326 989 levitatem,
343 915 420 993 quia
444 927 564 990 corpus
587 909 731 972 bominis
754 923 858 985 grave
913 927 1026 986 magos
1053 911 1236 988 appellant,
1265 927 1325 974 nos
1351 913 1516 990 sapientes
1537 930 1705 975 vocamus.

53 1018 214 1080 31111333
233 1015 371 1090 3133113
391 1010 524 1088 33131131
542 1007 810 1086 asportandum,
827 1004 860 1067 31
912 1009 1095 1076 Venerunt
1109 1008 1220 1070 autem
1248 1008 1289 1069 de
1317 1007 1439 1071 finibus
1465 1014 1643 1073 Persarum
1675 1011 1707 1073 31
1748 999 1750 1002 ’

53 1115 94 1176 13
123 1130 254 1176 summa
278 1109 468 1173 volandum.
497 1093 591 1168 Unde
616 1105 819 1181 Augustinus
849 1124 856 1163 ε
913 1104 1154 1178 Chaldaeorum,
1170 1104 1226 1166 ubi
1239 1105 1289 1167 331
1301 1107 1424 1168 flumen
1447 1107 1533 1169 Saba
1557 1125 1576 1170 a
1596 1125 1660 1186 quo
1675 1109 1709 1171 et

52 1230 75 1274 3
92 1213 159 1284 Qui
174 1226 233 1288 per
244 1209 431 1288 plumarum
458 1204 627 1267 levitatem
642 1201 731 1263 dedit
746 1201 858 1263 avium
915 1202 1031 1264 Sabaea
1057 1203 1152 1278 regio
1178 1205 1398 1281 nuncupatur.
1426 1206 1488 1277 Qui
1516 1207 1617 1282 Magi,
1641 1222 1708 1269 non
1828 1195 1830 1200 ’

53 1309 206 1371 terrenis
230 1305 423 1383 corporibus
447 1303 483 1364 ut
508 1301 679 1379 portentur
703 1299 739 1360 in
767 1314 856 1369 aere,
913 1299 1072 1361 maleficis
1096 1299 1223 1363 artibus
1245 1302 1368 1374 nocivi,
1385 1302 1441 1363 sed
1463 1319 1522 1380 pro
1542 1303 1710 1380 magnitu-

53 1407 136 1484 ipse
162 1402 403 1466 immortalibus
429 1400 526 1477 sactis
551 1397 721 1460 bominum
741 1410 861 1472 corpo-
894 1396 991 1458 ,dine
1017 1397 1164 1459 scientiae
1186 1399 1234 1460 sic
1256 1399 1332 1462 3331
1352 1399 1481 1474 333311;
1516 1401 1594 1478 quia
1626 1415 1709 1477 quos

54 1504 157 1565 ribus
185 1501 275 1564 dabit
297 1499 454 1563 virtutem
481 1513 544 1574 qua
567 1496 603 1556 13
627 1509 754 1556 summo
777 1492 859 1554 coelo
914 1511 975 1556 nos
997 1494 1211 1574 philosophos
1234 1512 1402 1571 vocamus,
1425 1498 1568 1560 Arabica
1591 1499 1710 1573 lingua

53 1599 198 1662 3313331
218 1597 457 1660 habitururn
476 1595 582 1656 morte
606 1591 859 1670 perimmorta-
915 1592 1003 1668 magi
1018 1592 1181 1655 11333133.
1199 1595 1292 1656 Unde
1316 1595 1416 1656 etiam
1431 1596 1586 1657 dicuntur
1607 1595 1707 1671 magi,
1756 1589 1760 1596 ”

55 1698 203 1768 litatem,
220 1694 485 1775 quiapostquam
505 1689 698 1752 3333133311
718 1690 859 1751 immor·
914 1689 1010 1760 idest,
1033 1691 1138 1767 magis
1163 1692 1262 1753 aucti.
1286 1695 1360 1754 Prae
1382 1692 1512 1754 caeteris
1536 1693 1625 1754 enim
1648 1692 1711 1753 ho-

55 1795 195 1856 talitate
209 1792 404 1869 glorificata,
420 1788 587 1852 merserit
601 1786 642 1848 ab
657 1787 715 1848 1113
730 1787 860 1863 penitus
915 1786 1059 1850 minibus
1083 1789 1253 1864 signorum
1277 1790 1363 1858 coeli,
1387 1791 1419 1851 31
1442 1789 1618 1851 effectuum
1634 1791 1710 1866 ‘ejus

57 1893 189 1953 311333.
215 1890 309 1952 Unde
327 1889 363 1950 in
383 1887 469 1948 libro
494 1885 673 1962 sapientire
693 1906 700 1945 :
718 1886 861 1946 1331113
914 1886 1069 1962 peritiam
1095 1885 1291 1948 babuerunt.
1321 1887 1473 1949 Unde‘in
1499 1903 1586 1948 nova
1614 1887 1710 1948 313113

53 1989 271 2066 perpetuum
285 1986 404 2050 313331
415 1983 508 2064 (Sap.
525 1999 559 2056 3,
576 1980 640 2062 16).
916 1982 1059 2060 aliquem
1067 1968 1179 2059 magni
1189 1984 1333 2044 hominis
1344 1986 1453 2045 ortum
1463 1984 1709 2046 intellexerunt.

921 2082 1095 2143 Venerunt
1108 2095 1191 2157 erpo
1204 2085 1355 2143 adorare
1370 2097 1461 2155 cum,
1479 2082 1536 2142 sed
1554 2097 1621 2143 non
1636 2081 1710 2154 soli,

916 2179 994 2255 quia
1019 2193 1115 2253 33333
1141 2180 1248 2240 erant.
1271 2179 1422 2257 Et'quod
1448 2194 1544 2255 reges
1569 2178 1710 2252 1333131,

437 2252 493 2340 IX
916 2275 1092 2337 Psalmista
1105 2277 1247 2338 testetur
1259 2276 1515 2355 113333313333
1526 2281 1665 2340 dirersis
1679 2277 1713 2338 31

343 2415 346 2423 ·
915 2377 1037 2436 insule
1050 2363 1381 2449 muuerccffereut:
1398 2378 1663 2452 repcsArabum
1680 2375 1714 2436 31

112 2535 116 2544 ,
231 2469 277 2530 ΙΝ
298 2466 528 2529 EPIPHANIA
548 2464 699 2528 DOMINI
916 2473 1107 2534 sabadona
1127 2472 1294 2533 adducent
1315 2469 1541 2550 (Ρ3.»71,10).
1564 2473 1604 2533 Et
1624 2471 1716 2554 quod

788 2635 793 2644 ,
917 2583 983 2630 333
1007 2567 1254 2654 331133333131,
1276 2569 1420 2631 13313133
1443 2569 1548 2630 133133
1572 2569 1711 2629 dicens:

104 2672 246 2748 Aperite
268 2667 745 2734 11333331333133113133331
767 2667 862 2742 Magi
917 2669 1042 2729 031333
1066 2669 1107 2728 13
1127 2665 1340 2738 1131311331,
1360 2665 1399 2726 do
1424 2664 1560 2742 regione
1582 2665 1732 2734 sabaa,-

60 2775 216 2832 Domino
242 2785 380 2841 333331,
404 2769 482 2830 tuus
502 2767 736 2841 31333331331
758 2760 861 2842 (1131-
917 2764 1557 2837 33313313333313111331313333133.
1582 2763 1622 2824 Et
1642 2777 1709 2823 non

62 2864 254 2946 1111311).
918 2862 989 2923 3133
1002 2860 1194 2923 rationabili
1213 2876 1315 2922 causa
1335 2861 1400 2924 tria
1421 2876 1560 2922 munera
1584 2859 1714 2922 obtule-

108 2963 258 3025 Audlstis
272 2945 467 3025 adlectione
479 2961 661 3038 Evangelii,
675 2960 760 3039 quod
774 2959 863 3035 Magi
917 2962 1006 3022 runt.
1314 3041 1316 3044 Α

61 3061 283 3124 3333333113
293 3060 438 3132 Oriente,
450 3060 486 3121 ut
496 3059 661 3120 Clrristum
672 3058 861 3129 adorarent,
958 3057 1070 3119 Primo
1085 3057 1173 3118 enim
1185 3057 1379 3119 dubitabant
1390 3055 1430 3118 de
1443 3055 1604 3134 potestate
1616 3056 1713 3133 pueri

59 3160 98 3222 et
108 3159 141 3220 ei
152 3173 291 3219 munera
302 3144 469 3219 offerrent.
483 3157 635 3232 Legimus
650 3157 684 3217 in
695 3154 863 3218 veteribus
918 3155 975 3233 qui
997 3156 1094 3216 33133
1116 3157 1198 3229 3331,
1230 3155 1340 3216 utrum
1368 3153 1456 3215 esset
1483 3170 1545 3215 rex
1570 3153 1711 3215 1313333.

60 3256 230 3327 113133113,
247 3255 332 3332 3331
356 3255 445 3330 Magi
460 3255 517 3315 isti
531 3254 599 3316 tres
620 3253 754 3314 1333331
768 3267 864 3328 33333
919 3253 1070 3314 Secundo
1097 3253 1138 3314 de
1162 3252 1347 3324 1131311313,
1377 3253 1485 3314 utrum
1512 3251 1601 3312 esset
1626 3253 1714 3311 Deus

61 3354 105 3415 de
119 3354 225 3429 stirpe
237 3353 407 3423 Balaham,
421 3354 453 3413 31
465 3367 508 3412 ex
519 3350 691 3428 prophetia
705 3352 777 3428 ejus
791 3365 864 3426 quae
918 3365 1029 3411 33333.
1053 3350 1164 3412 Τ33113
1190 3349 1231 3410 13
1256 3349 1469 3421 mortalitate,
1492 3350 1602 3411 utrum
1626 3348 1715 3410 esset

60 3452 149 3512 11311
165 3472 173 3511 :
192 3451 331 3512 orietur
349 3450 445 3510 313113
465 3464 511 3510 333
527 3451 629 3510 Jacob
651 3448 684 3509 31
699 3446 865 3522 resurget
884 3471 885 3474 ¹
919 3448 1110 3530 moriturus.
1127 3447 1289 3508 Dixerunt
1303 3463 1382 3522 ergo
1396 3447 1535 3508 inter-se
1552 3467 1559 3506 :
1577 3445 1612 3507 si
1631 3460 1716 3522 puer

60 3555 168 3612 bomo
199 3551 240 3608 de
265 3550 377 3608 lsrael
398 3543 511 3624 (Num.
533 3561 627 3618 1333,
651 3543 719 3624 17),
743 3543 865 3604 Christi
920 3545 975 3623 qui
995 3547 1092 3606 natus
1114 3545 1174 3616 est,
1200 3561 1262 3606 rex
1282 3545 1334 3606 est
1355 3543 1571 3616 solummodo,
1590 3559 1715 3604 aurum

60 3644 246 3708 adventum
286 3642 516 3719 expectabant.
557 3641 650 3704 Unde
689 3642 866 3716 diligenter
919 3642 1048 3704 tantum
1078 3642 1259 3718 suscipiet3
1292 3642 1321 3702 31
1351 3644 1439 3703 Deus
1468 3642 1616 3713 tantum,
1649 3655 1715 3702 non

62 3741 292 3804 observabant
311 3741 432 3801 ortum
470 3739 585 3800 stellae.
622 3741 767 3816 Cumque
806 3755 864 3798 se·
920 3739 1078 3818 suscipiet
1098 3739 1164 3800 nisi
1185 3739 1280 3815 1133;
1304 3740 1333 3800 31
1354 3738 1453 3800 bomo
1477 3739 1624 3811 tantum,
1647 3753 1715 3800 non

62 3839 216 3900 cundum
253 3837 524 3898 consuetudinem
561 3852 655 3896 suam
693 3837 728 3896 in
764 3851 865 3896 unum
921 3837 1078 3913 suscipiet
1098 3837 1164 3897 nisi
1185 3837 1367 3913 myrrham,
1390 3836 1469 3914 quia
1491 3853 1609 3897 aurum
1633 3851 1713 3912 per-

65 3935 309 3998 convenissent
344 3949 404 4010 pro
440 3933 509 3994 suis
548 3932 755 4008 dogmatibus
785 3949 865 4008 per·
920 3933 1717 4010 11331313333311333113313333111133,3333313

63 4032 273 4103 scrutandis,
294 4031 449 4092 31133331
463 4030 640 4107 quamdam
660 4029 789 4091 stellam
808 4029 867 4090 mi·
920 4030 1073 4105 designat
1102 4031 1269 4091 hominem
1300 4030 1491 4104 mortalem
1527 4031 1605 4108 3313
1640 4029 1717 4091 1313

63 4131 224 4202 rabilem,
239 4113 813 4204 313313333333333133313111333,
831 4127 866 4189 in
921 4128 1121 4190 condiuntur
1135 4142 1273 4204 corpora
1286 4128 1503 4190 mortuorum.
1517 4126 1716 4190 Obtulerunt

63 4228 184 4292 multis
203 4213 381 4288 notabilem
401 4225 434 4286 31
455 4225 642 4296 discretam,
665 4224 866 4301 33313113-
922 4239 1000 4301 3333
1015 4225 1046 4286 31
1061 4241 1218 4300 munera;
1238 4224 1459 4296 3333331133
1479 4224 1512 4286 31
1531 4224 1713 4301 myrrham.

65 4325 151 4386 licet
168 4340 241 4386 eam
256 4325 315 4385 lux
330 4323 409 4385 solis
425 4337 490 4384 non
505 4321 724 4384 obumbrabat
743 4321 778 4382 13
801 4321 864 4394 113,
923 4321 1714 4400 1333331313133113313311131133333331333,
1756 4339 1764 4350 ·

64 4439 132 4484 nec
147 4422 183 4482 13
198 4421 404 4483 llrmamento
427 4436 502 4482 cum
523 4419 688 4481 sideribus
707 4420 868 4492 3331333
922 4423 958 4482 ut
980 4420 1221 4498 demonstraret
1239 4435 1276 4481 se
1297 4435 1370 4480 esse
1391 4435 1515 4496 regem,
1541 4407 1716 4480 Dominum

62 4523 105 4581 in
121 4519 246 4580 aetlrere
268 4533 342 4579 cum
364 4517 507 4596 planetis
529 4515 733 4588 movebatur,
753 4516 810 4577 sed
832 4517 867 4578 in
923 4520 956 4580 et
969 4518 1147 4579 bominem.
1161 4520 1201 4579 Et
1215 4517 1395 4580 notandum
1408 4517 1493 4594 quod
1509 4533 1575 4578 non
1590 4517 1714 4592 singuli

65 4633 152 4680 3333
172 4615 344 4699 sublunari
359 4615 469 4676 313133
482 4615 579 4677 133313
601 4612 777 4675 immobilis
792 4630 869 4692 per·
923 4615 1065 4691 singula,
1080 4615 1136 4675 sed
1159 4630 1272 4676 omnes
1295 4614 1405 4675 omnia
1421 4612 1620 4685 obtulerunt,
1638 4612 1717 4690 quia

66 4712 239 4780 manebat.
271 4715 372 4790 CuJus
405 4713 500 4788 signo
529 4711 718 4776 commoniti
747 4711 868 4782 Christi
923 4713 1148 4790 unusquisque
1174 4711 1292 4773 3113111
1317 4727 1446 4791 curum
1474 4711 1612 4774 credens
1640 4725 1716 4772 eum

65 4809 300 4887 cognoverunt
322 4809 538 4882 nativitatem,
560 4809 870 4871 3133333331313-
923 4813 1046 4886 Regem
1065 4825 1181 4886 regum
1208 4809 1241 4870 et
1263 4808 1438 4870 Dominum
1463 4809 1714 4871 dominantium.

65 4925 149 4970 rare
164 4924 249 4970 eum.
268 4906 331 4968 Ubi
346 4907 559 4969 confunditur
579 4906 720 4969 audacia
735 4908 870 4969 131333-
924 4907 1047 4969 Obtulit
1059 4909 1147 4979 1133,
1161 4906 1299 4970 3331333
1317 4923 1392 4968 eum
1411 4910 1513 4969 Deum
1531 4907 1666 4970 deorum
1685 4909 1718 4970 et

65 5022 158 5077 rum,
174 5005 251 5082 3313
263 5003 373 5066 333311
394 5005 577 5066 333333331
589 5006 716 5066 333133.
734 5006 866 5076 Gentes,
924 5005 1111 5066 Creatorem
1126 5006 1365 5066 creaturarum.
1387 5003 1510 5066 Obtulit
1523 5009 1716 5078 3133311313,

66 5119 149 5166 cum
162 5117 229 5164 nou
243 5103 382 5170 3333133,
398 5102 455 5162 331
478 5101 558 5163 solis
581 5102 685 5178 signis
707 5101 870 5164 venerunt
924 5102 1060 5164 eredens
1075 5118 1150 5163 eum
1170 5102 1342 5164 mortalem
1363 5117 1423 5179 pro
1445 5102 1583 5163 mortuis
1605 5102 1717 5180 31333

67 5202 214 5264 3133333
240 5199 417 5272 Dominum
441 5199 553 5260 natum
580 5199 615 5260 13
640 5200 751 5261 133313.
776 5199 868 5260 Unde
923 5199 1118 5261 mortalibus
1130 5201 1337 5261 moriturum.
1360 5199 1423 5260 Sed
1445 5197 1532 5276 quod
1555 5199 1607 5260 illi
1629 5199 1719 5261 seco-

66 5300 147 5374 ipse
168 5295 247 5358 dicit
267 5296 303 5356 13
324 5297 452 5372 psalmo
477 5318 483 5356 :
505 5301 660 5371 Popruus
679 5310 780 5371 quem
798 5311 869 5358 uon
909 5280 1000 5358 ’3331
1015 5297 1241 5374 333333311133,
1256 5312 1316 5357 333
1337 5295 1492 5356 debemus
1516 5297 1626 5359 133333
1648 5297 1719 5372 331-

68 5394 380 5470 333333133331311
399 5395 484 5455 mser
504 5392 574 5472 (Ps.
591 5395 639 5463 17,
656 5393 719 5472 15).
744 5396 870 5456 Secun-
924 5395 1098 5456 ritualiter.
1108 5395 1191 5465 Quia
1205 5393 1291 5456 sicut
1299 5393 1381 5470 dicit
1391 5393 1506 5456 beatus
1518 5394 1716 5469 Gregorius:

70 5493 152 5554 dum
179 5489 366 5563 historiam,
389 5493 457 5554 tres
484 5491 538 5552 isti
564 5490 654 5566 Magi
679 5491 746 5554 1333
773 5506 869 5567 33333
923 5494 1020 5553 «Res
1038 5493 1144 5567 gesta,
1159 5490 1284 5568 3113311
1299 5490 1333 5551 13
1351 5493 1465 5554 333313
1480 5491 1629 5554 Ecclesia
1644 5489 1717 5568 sig-

71 5587 220 5664 suerunt,
243 5588 329 5671 siout
353 5588 433 5652 dicit
457 5588 561 5651 isaias
578 5610 585 5649 ε
602 5591 711 5667 113333
731 5591 870 5654 11133313
924 5589 1036 5652 311331
1051 5604 1123 5650 3333
1138 5588 1329 5668 gerendum.
1349 5605 1367 5650 1
