3968 6296
275 445 335 508 405
888 440 1064 506 HONORII
1087 445 1131 506 111
1153 445 1301 507 OPERA.

1852 455 1901 516 190

274 605 339 682 ipsi
355 606 488 668 domino
505 610 603 684 Papae
617 623 676 684 per
689 609 760 684 ejus
773 604 921 666 subditos
932 607 1003 683 jam
1018 603 1069 666 fe-
1124 603 1203 667 dare
1217 595 1399 667 teneamur.
1414 607 1557 682 Proque
1575 603 1696 668 damno
1715 607 1743 668 11
1762 611 1902 675 acciderit

275 703 391 776 cimus,
409 705 444 766 in
465 705 618 766 omnibus
635 705 668 766 et
684 720 744 782 per
762 703 1071 766 omniaconllrma-
1124 701 1157 764 et
1179 701 1365 779 subscripta
1395 717 1504 780 poena,
1536 702 1567 762 si
1596 702 1782 777 incidimus,
1806 709 1902 772 omnia

274 819 358 862 mus.
377 805 541 864 Praeterea
555 803 702 864 cedimus
715 803 748 864 et
764 803 959 864 mandamus
976 800 1070 863 uobis
1123 799 1237 862 nestra
1264 799 1363 870 bona,
1400 815 1475 878 quae
1508 799 1684 873 habemus,
1714 801 1853 877 ubilibet,
1876 809 1904 868 et

275 915 334 975 pro
344 899 430 960 dicto
442 899 574 960 domino
588 903 677 976 Papa
687 900 720 961 et
730 900 800 960 suis
809 898 1067 972 successoribus,
1124 897 1328 970 habebimus,
1361 897 1455 962 vobis
1472 913 1532 976 pro
1562 898 1651 961 dioto
1678 898 1806 962 domino
1826 905 1903 981 Papa

275 997 311 1058 ut
332 996 531 1070 dictumest,
557 997 787 1075 procuratorio
807 998 951 1070 nomine,
972 1012 1070 1060 omne
1123 996 1156 1057 et
1170 995 1240 1056 suis
1255 995 1503 1058 successoribus
1520 996 1721 1074 obligamus,
1742 1000 1838 1076 etpro
1852 1017 1906 1062 no-

270 1096 327 1171 jus
366 1095 399 1156 et
431 1111 561 1157 omnem
598 1096 761 1158 actionem
796 1096 1004 1173 personalem
1037 1096 1070 1158 61
1123 1093 1174 1154 bis
1195 1094 1228 1156 61
1248 1094 1372 1156 nostris
1397 1093 1577 1156 heredibus
1610 1095 1645 1158 et
1675 1097 1904 1158 successoribus

274 1193 486 1264 inrem,tam
502 1195 659 1255 etiamad
675 1194 851 1270 agendum,
868 1194 1070 1271 006116101-
1123 1192 1276 1269 precario
1296 1191 1504 1269 possidemus
1525 1208 1547 1253 a
1568 1192 1659 1254 dicto
1678 1191 1807 1254 domino
1827 1196 1904 1272 Papa

275 1289 441 1367 piendum,
455 1291 552 1368 quod,
568 1307 707 1369 quamue
722 1292 757 1352 in
771 1291 923 1353 omnibus
933 1292 1070 1370 praedic·
1123 1290 1156 1351 et
1182 1288 1442 1352 successoribus.
1481 1289 1564 1352 Item
1597 1290 1696 1352 tactis
1718 1293 1905 1353 sacrosancti

273 1388 317 1448 tis
332 1389 525 1466 pignoribus
540 1389 712 1464 hahemus,
732 1392 764 1453 61
778 1392 936 1452 adversus
958 1407 1070 1468 quam·
1124 1388 1314 1464 Evangeliis
1335 1389 1490 1466 iuramus
1516 1388 1550 1452 et
1571 1387 1804 1466 promittimus,
1827 1389 1905 1450 nullo

275 1503 414 1563 cumque
429 1503 604 1564 personam
624 1488 814 1550 eorumdem
829 1491 983 1567 respectu
1002 1489 1067 1550 ha·
1123 1501 1269 1563 unquam
1284 1486 1479 1564 intempore
1493 1486 1568 1564 plus
1583 1485 1638 1547 vel
1651 1488 1809 1563 majorem
1820 1501 1902 1546 sum-

274 1583 352 1645 here
377 1601 505 1662 quoquo
528 1587 624 1648 modo
640 1603 821 1664 possemus.
847 1588 896 1649 Ita
915 1588 951 1649 01
973 1587 1070 1665 quid-

273 1683 354 1758 quid
381 1700 485 1760 usque
511 1685 607 1746 modo
634 1686 748 1747 nostro
772 1688 850 1763 jure
878 1686 911 1748 61
935 1687 1070 1748 nomine

274 1797 374 1855 agere
400 1781 453 1843 vel
478 1782 633 1859 excipere
657 1799 840 1860 possemus,
866 1799 924 1846 vos
951 1784 1069 1847 amodo

274 1878 407 1940 nomine
416 1881 447 1941 61
455 1883 533 1956 jure
540 1880 691 1956 praedicti
703 1879 827 1942 domini
839 1883 938 1959 Papae
949 1882 1068 1960 agatis,

276 1979 309 2037 et
321 1977 507 2053 excipiatis,
521 1978 553 2039 61
565 1979 601 2040 ut
609 1979 682 2040 utili
696 1979 858 2041 etdirecta
869 1981 1003 2058 possitis
1013 1997 1071 2042 60-

274 2074 365 2136 11006
380 2073 561 2148 intendere,
583 2091 641 2136 vos
661 2077 696 2137 in
719 2091 757 2139 re
776 2077 927 2154 praedicti
945 2078 1071 2140 domini

274 2175 374 2248 Papae
394 2175 642 2249 procuratorem
664 2174 814 2235 facimus.
843 2177 937 2237 Hanc
961 2177 1070 2238 autem

274 2269 519 2342 refutationem,
541 2273 663 2348 atquae
683 2272 769 2334 dicta
790 2273 990 2336 suntomnia
1012 2291 1072 2337 ro-

275 2367 337 2438 bis,
352 2369 388 2429 01
400 2367 594 2441 dictumest,
611 2369 751 2430 facimus
764 2386 823 2448 pro
839 2387 889 2442 60,
904 2372 990 2450 quod
1011 2388 1071 2435 vos

275 2481 335 2541 pro
347 2465 420 2543 ipso
433 2467 566 2528 domino
579 2470 681 2546 Papa,
698 2468 730 2530 et
744 2485 787 2531 er
797 2485 857 2531 suo
870 2470 1021 2552 argente,
1035 2472 1073 2534 01

278 2563 401 2624 dictum
436 2567 505 2637 est,
543 2566 773 2643 procuratorio
807 2568 958 2641 nomine,
988 2569 1072 2631 mihi

279 2660 395 2722 Miloni
407 2678 467 2739 pro
482 2663 670 2736 medietate,
685 2665 815 2727 etmihi
829 2667 1023 2742 Rainuccio,
1040 2669 1072 2732 et

276 2758 363 2820 dioto
376 2758 471 2822 fratri
488 2763 520 2824 et
535 2762 682 2824 curatori
695 2779 767 2825 meo
789 2779 849 2841 pro
868 2781 921 2826 me
939 2781 999 2844 pro
1021 2765 1073 2828 al-

275 2857 347 2917 tera
368 2857 555 2931 medietate,
579 2860 710 2922 decreto
730 2861 962 2938 praedictorum
980 2864 1073 2942 judi-

277 2969 362 3018 cum,
383 2956 541 3032 quantum
555 2957 595 3016 ad
611 2958 796 3034 portionem
813 2961 880 3021 mei
898 2962 1073 3024 Rainuccii

279 3052 432 3127 pertinet,
462 3053 612 3126 redditis,
642 3056 740 3128 datis,
766 3059 865 3134 atque
884 3060 1072 3135 persolvitis

278 3148 469 3224 praelibatas
489 3151 620 3211 centum
639 3152 758 3228 viginti
780 3154 925 3231 quinque
942 3171 1072 3218 marcas

277 3246 418 3321 argenti.
446 3249 493 3307 De
521 3247 640 3324 quibus
669 3250 832 3320 omnibus,
862 3251 957 3313 etde
982 3254 1073 3314 omni

180 3361 190 3368 ·
277 3343 391 3404 nostro
399 3347 476 3422 jure
492 3345 601 3418 sortis,
615 3346 781 3408 fructuum
792 3349 825 3410 61
836 3364 1024 3424 usurarum,
1040 3352 1074 3414 61

278 3442 386 3504 omnis
412 3459 537 3516 causae,
563 3459 624 3505 nos
649 3444 733 3506 bene
754 3447 883 3524 quietos
902 3463 1071 3520 vocamus,

278 3541 309 3600 et
334 3556 400 3601 non
424 3542 540 3603 solutae
555 3543 704 3619 pecuniae
723 3544 777 3605 vel
800 3546 930 3622 argenti
949 3563 1073 3626 excep-

277 3637 402 3698 tionem
418 3639 551 3700 omnino
564 3639 756 3700 refutamus.
773 3645 819 3702 De
839 3642 957 3718 quibus
972 3645 1072 3706 etiam

278 3733 397 3808 uiginti
428 3733 531 3795 libras
563 3737 762 3797 Lunensium
799 3739 931 3815 Sophiae
965 3743 1073 3804 sorori

279 3831 400 3890 nostrae
417 3830 586 3903 solvimus,
604 3848 685 3909 quas
700 3849 743 3894 ex
757 3833 819 3896 hoo
829 3839 967 3912 argento
980 3840 1074 3916 pater

280 3927 359 3987 olim
377 3929 489 3990 noster
503 3927 538 3987 in
553 3944 613 3991 suo
637 3930 834 3994 testamento
856 3933 978 3996 dudum
1000 3936 1073 3998 dari

278 4025 447 4103 praecepit.
471 4023 613 4105 Ideoque
639 4028 757 4090 amodo
781 4029 889 4094 dictus
920 4032 1073 4096 dominus

278 4125 370 4200 Papa
388 4125 420 4186 et
433 4123 503 4187 tota
517 4127 667 4186 Romana
691 4126 839 4190 Ecclesia
855 4130 965 4208 quiete
985 4147 1074 4196 sem-

278 4237 338 4297 per
351 4221 385 4284 61
399 4222 537 4299 pacifice
548 4237 591 4284 ex
607 4223 671 4285 hac
686 4239 787 4286 causa
804 4229 1007 4303 permaneat.
1024 4231 1073 4294 Ad

278 4317 351 4380 haec
374 4321 485 4382 autem
508 4321 730 4398 promittimus
753 4321 858 4396 robis,
886 4326 923 4388 01
950 4327 1073 4391 dictum

278 4418 339 4490 est,
353 4419 582 4494 procuratorio
604 4419 748 4493 nomine,
770 4421 800 4481 si
816 4421 928 4499 aliquo
946 4424 980 4485 in
995 4425 1074 4488 tem·

278 4530 359 4590 pore
379 4531 439 4592 per
453 4516 575 4578 dictam
599 4531 748 4578 sororem
767 4519 925 4592 10111611,
942 4522 994 4583 vel
1014 4539 1074 4601 per

278 4615 350 4689 ejus
373 4628 582 4676 successores
596 4615 649 4676 vel
663 4614 814 4688 heredes
830 4617 883 4679 vel
897 4633 956 4694 per
972 4620 1075 4693 aliam

278 4711 459 4786 quamlibet
472 4727 660 4788 personam,
678 4727 737 4775 seu
753 4714 852 4776 etiam
867 4731 928 4793 per
944 4717 1074 4795 obliga-

277 4807 411 4879 tionem,
438 4811 696 4885 concessionem,
721 4813 775 4874 rel
792 4813 1028 4881 alienationem
1052 4833 1072 4879 a

277 4903 364 4964 dicto
377 4903 456 4965 olim
473 4909 566 4982 patre
578 4910 703 4981 nestro,
719 4909 804 4972 uela
827 4911 922 4973 nobis
936 4912 1068 4988 factam,

277 5017 320 5062 ex
336 4999 400 5062 hac
421 5017 522 5062 causa
544 5005 721 5080 praedictus
743 5005 896 5068 dominus
915 5012 1016 5087 Papa,
1040 5013 1073 5075 et

278 5113 487 5160 successores
500 5101 585 5176 ejus,
601 5101 655 5163 vel
665 5101 812 5184 Ecclesia
824 5107 971 5167 Romana
983 5108 1073 5169 dam·

278 5213 357 5257 num
371 5195 504 5272 aliquod
520 5197 676 5274 patiatur,
693 5201 807 5274 quanti
824 5201 888 5262 erit
902 5203 1069 5280 damnum,

276 5293 406 5358 tantum
418 5285 454 5354 ih
468 5295 592 5357 nostris
605 5293 701 5355 bonis
716 5295 764 5355 eis
777 5295 984 5372 placentibus
998 5303 1070 5365 sine

272 5393 359 5470 juris
384 5391 511 5453 offensa
531 5393 563 5454 et
591 5392 733 5470 alicujus
758 5394 859 5458 curiae
883 5399 1072 5473 proclama-

275 5493 383 5563 tione,
412 5491 489 5569 jure
523 5488 673 5567 pignoris
707 5491 903 5554 auctoritate
934 5499 1070 5574 propria

275 5590 459 5652 vendicent.
477 5587 517 5650 st
530 5589 559 5648 si
574 5587 801 5650 contradicere
818 5590 1033 5669 voluerimus,
1050 5614 1069 5659 a

271 5691 357 5765 jure,
376 5687 461 5766 quod
476 5687 511 5748 in
527 5685 650 5749 eisdem
670 5685 765 5748 bonis
780 5686 985 5764 habebimus,
1012 5710 1071 5755 ca-

276 5786 402 5858 damus,
426 5787 458 5846 et
482 5785 590 5864 ipsum
612 5785 767 5847 damnum
790 5785 926 5864 duplum
949 5805 1067 5852 emen-

1124 1599 1211 1645 mam
1223 1584 1335 1662 petere
1350 1584 1416 1662 ipsi
1435 1584 1568 1646 domino
1583 1586 1685 1661 Papae
1700 1585 1733 1646 et
1752 1584 1817 1644 suis
1839 1601 1906 1646 suc·

1124 1681 1322 1755 sessoribus
1342 1683 1399 1754 vel¹
1415 1682 1572 1752 Ecclesiae
1592 1685 1768 1757 Romanae3
1785 1681 1816 1743 et
1832 1681 1905 1742 hanc

1124 1780 1367 1854 refutationem,
1384 1781 1417 1843 61
1429 1796 1502 1859 quae
1522 1780 1708 1842 dictasunt
1729 1781 1835 1840 omnia
1855 1779 1905 1840 olr-

1124 1893 1270 1952 seruare,
1285 1878 1318 1940 et
1332 1878 1446 1940 contra
1462 1894 1502 1940 ea
1522 1894 1631 1957 neque
1653 1877 1781 1939 ratione
1795 1878 1902 1954 decep-

1123 1976 1236 2048 tionis,
1257 1991 1364 2054 neque
1386 1976 1525 2038 minoris
1542 1977 1671 2048 aetatis,
1695 1975 1846 2052 quantum
1866 1975 1900 2034 ad

1125 2090 1177 2136 me
1207 2075 1425 2137 Rainuccium
1450 2075 1605 2152 pertinet,
1641 2089 1703 2136 nec
1726 2073 1820 2135 aliter
1845 2073 1901 2132 ullo

1125 2173 1222 2236 modo
1234 2173 1359 2234 venire.
1377 2174 1417 2234 nt
1435 2173 1626 2250 specialiter
1645 2187 1706 2248 ego
1722 2169 1903 2232 Rainuccius

1121 2274 1210 2348 juro,
1227 2285 1270 2332 ex
1282 2286 1346 2348 quo
1361 2270 1543 2346 legitimam
1555 2270 1676 2346 viginti
1694 2269 1833 2347 quinque
1849 2283 1903 2328 an-

1126 2384 1244 2430 norum
1268 2367 1399 2430 etatem
1420 2367 1583 2440 habuero,
1609 2367 1820 2438 confirmare,
1843 2365 1868 2425 si
1888 2379 1904 2422 a

1126 2467 1213 2529 dioto
1235 2466 1367 2528 domino
1391 2468 1494 2544 Papa,
1517 2467 1552 2529 61
1575 2466 1647 2528 1011
1673 2462 1902 2526 successoribus

1126 2565 1290 2626 excitatus
1311 2580 1380 2626 ero.
1408 2564 1599 2626 Novissime
1628 2563 1739 2625 autem
1772 2563 1834 2624 tam
1853 2575 1903 2637 pro

1126 2663 1232 2736 nobis,
1256 2678 1355 2742 quam
1370 2679 1429 2740 pro
1450 2661 1574 2726 nostris
1590 2661 1770 2724 heredibus
1792 2659 1904 2720 61100-

1127 2761 1327 2835 cessoribus,
1342 2760 1436 2822 vobis
1448 2777 1508 2837 pro
1521 2761 1610 2823 dicto
1633 2759 1765 2820 domino
1782 2760 1863 2832 Papa
1877 2755 1904 2814 et

1126 2861 1197 2921 suis
1212 2858 1458 2921 successorihus
1473 2860 1506 2922 61
1520 2859 1588 2922 tota
1604 2861 1753 2920 Romana
1774 2851 1903 2916 Ecclesia

1127 2958 1214 3019 hanc
1227 2957 1472 3030 refutationem,
1489 2958 1522 3020 et
1542 2973 1618 3034 qnae
1641 2957 1730 3018 dicta
1750 2953 1831 3024 sunt,
1845 2965 1904 3011 om-

1127 3056 1183 3117 nia
1196 3055 1374 3117 observare
1385 3055 1419 3118 et
1428 3054 1612 3132 adimplere
1625 3051 1839 3132 promittimus
1852 3044 1901 3106 sub

1127 3153 1213 3215 dicte
1224 3153 1425 3232 juramento,
1443 3153 1476 3215 et
1489 3152 1550 3214 sub
1565 3168 1666 3230 poena
1679 3146 1850 3228 supradicti
1862 3159 1903 3204 ar·

1126 3252 1216 3327 genti
1240 3267 1377 3313 summae
1400 3250 1520 3328 dupla:
1541 3251 1574 3312 61
1596 3251 1708 3312 101016
1731 3259 1823 3325 poena
1844 3243 1903 3303 haec

1127 3349 1278 3412 chartula
1301 3349 1396 3410 firma
1418 3348 1622 3426 permaneat.
1650 3350 1753 3421 Quam
1776 3340 1902 3405 scribere

1127 3463 1282 3525 rogamus
1305 3447 1491 3511 iohannem
1510 3447 1632 3508 Leonis
1651 3443 1854 3507 scriniarium
1874 3436 1903 3495 iu

1130 3561 1245 3608 mense
1256 3545 1288 3608 et
1301 3544 1482 3606 indictione
1495 3545 1722 3621 suprascripta
1735 3545 1781 3604 13.
1963 3629 1964 3632 Ἴ

1167 3644 1285 3705 Ρ61101
1309 3647 1513 3704 sarracenus
1533 3640 1660 3704 domini
1682 3645 1779 3718 Papae
1799 3648 1900 3697 senes·
1963 3711 1964 3714 Ἴ

1127 3740 1252 3813 061001,
1267 3740 1373 3803 161111.

1167 3839 1285 3900 Ρ61101
1312 3839 1517 3899 sarracenus
1542 3837 1706 3900 ι1011011111
1732 3825 1901 3897 1011016111,

1127 3936 1231 3999 161111.

1167 4033 1429 4098 Bartholomaeus
1444 4033 1485 4094 de
1498 4032 1644 4103 Verulis,
1660 4031 1763 4096 testis.

1166 4136 1185 4197 J
1187 4133 1336 4194 ohannes
1348 4131 1511 4207 Gregorii,
1525 4131 1630 4194 161111.

1167 4228 1390 4301 Bellushomo,
1406 4228 1512 4289 testis.

1168 4347 1235 4421 Ego
1256 4344 1425 4408 Johannes
1447 4343 1579 4415 Leonte,
1606 4337 1822 4405 sacrosanctae
1847 4334 1903 4392 RO-

1128 4459 1234 4504 manae
1249 4442 1406 4504 Ecclesiae
1428 4441 1636 4514 scriniarius,
1661 4441 1785 4503 habens
1805 4432 1901 4511 potes·
1963 4475 1964 4478 ,

1126 4539 1228 4602 tatem
1249 4538 1351 4602 dandi
1371 4539 1497 4602 tutores
1517 4539 1550 4601 et
1570 4540 1752 4609 curatores,
1772 4525 1902 4595 emanci-

1128 4638 1238 4714 pandi,
1262 4637 1429 4700 decretum
1452 4636 1743 4714 interponendiet
1763 4623 1916 4694 alimenta

1129 4735 1339 4807 decernendi,
1357 4735 1518 4814 complevi
1534 4737 1566 4798 et
1580 4734 1720 4798 absolui.

1165 4905 1964 4976 mmaefflffiwmmmfflmm=

1125 5009 1335 5085 demquoque
1348 5008 1497 5086 tempore
1514 5011 1667 5072 floruisse
1682 5003 1899 5071 6116100000-

1124 5109 1217 5167 circat
1234 5109 1445 5168 cardinalem
1466 5110 1501 5170 S.
1519 5110 1702 5170 Laurentii
1718 5111 1754 5169 10
1774 5100 1897 5198 berctae,
1963 5113 1964 5122 .

1125 5203 1181 5280 qui
1196 5202 1270 5264 heic
1284 5217 1305 5264 a
1318 5203 1436 5264 cencio
1447 5203 1758 5267 nostrodiversitate
1772 5193 1898 5260 nominis
1963 5259 1964 5278 χ

1125 5301 1350 5375 distinguitur.
1385 5304 1479 5364 Anno
1503 5303 1613 5364 autem
1645 5305 1741 5374 1198,
1775 5293 1830 5357 sub
1854 5292 1899 5394 ln·

1125 5397 1277 5460 10061110
1312 5399 1380 5470 111,
1419 5401 1563 5462 occurrit
1597 5401 1681 5465 mihi
1711 5399 1809 5462 frater
1844 5389 1896 5449 Rl·

1124 5495 1267 5558 chardus
1299 5496 1424 5557 domini
1459 5499 1558 5574 Papae
1591 5497 1801 5560 camerarius.
1829 5489 1897 5588 Tim}
1963 5535 1964 5554 .

1124 5609 1210 5654 anno
1244 5595 1322 5656 1204
1346 5594 1544 5656 Octavianus
1571 5597 1631 5658 Dei
1657 5597 1763 5673 gratia
1786 5585 1895 5651 domim

1124 5695 1223 5769 Papae
1243 5692 1426 5754 innocentii
1449 5693 1493 5754 Ill
1513 5695 1731 5756 consobrinus
1751 5693 1782 5753 et
1802 5695 1898 5749 came·
1963 5729 1964 5732 .

1124 5789 1247 5850 161101.
1264 5792 1309 5852 hc
1323 5789 1440 5852 deinde
1454 5806 1541 5853 anno
1559 5795 1678 5856 160801
1693 5793 1768 5856 1215
1780 5780 1897 5860 Stepha-
1963 5807 1964 5834 ;
