3962 6294
294 343 352 402 323
877 325 1053 388 HONORII
1076 325 1120 384 lll
1143 323 1289 384 Ol‘liltii.
1862 339 1909 399 324

297 519 370 576 rus,
395 503 427 562 et
454 497 503 579 (ci)
531 495 671 574 populiis
698 490 867 554 celebrare
898 487 1033 549 missam
1057 485 1093 546 in
1148 500 1251 562 quare
1271 485 1380 562 ipsum
1418 485 1620 563 supposuisti
1653 489 1801 566 perpetuo
1823 493 1912 556 inter.

297 602 412 664 eadem
441 596 582 660 ecclesia
609 590 805 668 Garganica,
826 587 1019 666 priusquam
1052 584 1092 645 ad
1148 583 1245 656 dicte,
1263 583 1438 644 consulens
1453 585 1490 646 ut
1503 585 1537 645 in
1553 585 1664 662 aliqua
1680 587 1812 650 ecclesia
1825 607 1912 667 regii-

299 699 506 776 Sipontinam
535 693 653 754 redeas
681 691 713 751 te
742 687 959 764 compellunt3
994 700 1094 762 super
1148 681 1211 742 lari
1239 682 1382 743 mutaret
1399 682 1435 743 in
1454 683 1572 744 melius
1592 683 1693 744 vitam
1721 701 1818 746 suam.
1833 691 1914 751 Post.

299 814 362 876 quo
383 795 532 856 nostruin
548 791 580 853 et
593 787 791 866 Apostolicae
807 785 904 848 Sedis
917 783 1093 845 consilium
1148 779 1281 842 modum
1293 781 1403 841 autem
1418 781 1476 842 illo
1493 795 1604 842 coram
1618 798 1691 843 ven.
1708 782 1729 842 f.
1743 800 1774 844 n.
1790 785 1914 848 Ostiensi

299 880 1094 973 implorasti.Qiiumautemchrismaeodieintra
1149 879 1313 956 episcopo,
1342 878 1419 940 tunc
1434 880 1631 956 apostolicae
1654 880 1746 942 Sedis
1766 880 1873 957 legato,
1887 886 1916 947 ut

299 993 478 1054 missarum
504 986 700 1050 conficiatur
719 981 941 1053 solemniaci
959 978 1095 1041 cuilibet
1150 993 1261 1038 secum
1296 976 1556 1039 misericorditer
1586 978 1699 1054 ageret
1721 981 1915 1056 supplicante,

299 1089 462 1152 sacerdoti
486 1100 693 1164 quacumque
712 1079 873 1158 dignitate
900 1076 1096 1156 praefulgeat
1149 1074 1236 1136 idem
1249 1075 1290 1135 ad
1304 1075 1558 1137 celebrationem
1573 1076 1918 1155 divinorumpresbyte·

299 1199 398 1250 unam
426 1187 462 1246 in
488 1184 541 1245 die
569 1181 738 1244 celebrare
770 1178 906 1239 missam
939 1174 1093 1246 sufficiat,
1150 1189 1224 1233 rum
1236 1173 1415 1235 restituens
1434 1175 1662 1247 memoratum,
1679 1191 1776 1252 super
1794 1191 1917 1252 suspen·

300 1303 377 1347 nam
403 1285 436 1347 et
456 1283 538 1344 felix
560 1280 659 1342 valde
680 1278 730 1340 est
750 1273 807 1354 qui
829 1274 975 1337 celebrat
998 1272 1096 1348 digne
1151 1270 1244 1332 sione
1258 1271 1422 1345 beneficii,
1435 1288 1569 1334 causam
1589 1273 1696 1334 sancti
1715 1273 1881 1335 salvatoris
1894 1277 1920 1335 et

300 1379 536 1454 uuam,f.'t.m.
554 1378 727 1456 quatenus,
742 1374 799 1435 die
813 1372 972 1451 praedicto
990 1371 1025 1432 in
1041 1385 1098 1430 ec·
1152 1369 1259 1431 sancti
1284 1371 1381 1432 Lucae
1412 1371 1599 1448 praepositis
1633 1371 1813 1432 Brixiensis
1843 1371 1921 1432 dele-

300 1483 403 1544 clesia
424 1477 597 1557 Sipontina
623 1472 785 1536 duntaxat
812 1472 848 1532 in
877 1486 943 1547 qua
970 1468 1096 1531 teneris
1151 1467 1252 1545 gavit,
1268 1469 1324 1546 qui
1339 1469 1380 1530 ad
1397 1468 1594 1531 beneficium
1613 1469 1825 1532 restituerunt
1839 1485 1921 1529 euni-

302 1580 447 1640 chrisma
470 1575 647 1646 conficere,
676 1573 853 1634 missarum
879 1567 1013 1630 studeas
1042 1581 1098 1628 so-
1153 1567 1241 1642 dem3
1274 1566 1392 1628 deinde
1420 1584 1499 1630 vero
1533 1583 1690 1630 reversus
1722 1567 1761 1629 de
1794 1566 1923 1644 partibus

304 1676 425 1738 lemnia
438 1673 617 1736 celebrare.

440 1827 701 1898 archiepiscopo
727 1824 880 1896 Upsctcii.
898 1817 943 1896 (b)

608 1976 745 2038 CAPUT
765 1976 804 2034 V.

346 2114 558 2178 Perniciosus
580 2111 688 2183 valde,
723 2107 809 2171 sicut
839 2104 1037 2175 audirimus,
1064 2100 1099 2160 in

194 2191 196 2196 Α
306 2216 371 2278 tuis
393 2208 687 2292 partibusinclevit
700 2197 1099 2278 abusus,videlicetquod

307 2315 342 2375 in
355 2312 475 2394 majori
484 2308 667 2388 quantitate
680 2321 766 2383 aqua
786 2301 920 2380 ponitur
936 2301 972 2360 in
991 2297 1100 2359 sacri-

307 2413 393 2483 ficio,
411 2425 509 2488 quam
524 2409 564 2470 de
578 2405 668 2478 rino,
685 2418 785 2481 quum
801 2395 1101 2464 secundumratio·

309 2510 453 2572 nabilem
469 2503 740 2568 consuetudinem
756 2499 912 2562 Ecclesiae
922 2493 1099 2572 generalis,

243 2621 247 2626 ·
309 2609 383 2687 plus
403 2607 439 2668 in
466 2605 539 2682 ipso
554 2602 598 2664 sit
618 2601 658 2662 de
678 2600 768 2672 vino,
786 2613 884 2675 quam
898 2591 943 2676 (c)
957 2594 997 2654 de
1016 2607 1102 2669 aqua

309 2704 507 2786 ponendum.
526 2701 668 2779 Ideoque
681 2698 703 2758 f.
718 2698 741 2760 t.
754 2714 797 2759 m.
815 2694 978 2773 quatenus
993 2690 1028 2752 id
1042 2705 1103 2751 nec

308 2806 348 2866 de
371 2805 480 2866 cetero
495 2800 611 2873 facias,
628 2813 689 2858 nec
704 2796 739 2857 in
762 2794 819 2856 tua
841 2789 1015 2871 provincia
1029 2787 1103 2850 fieri

309 2901 457 2981 patiaris.

490 3071 656 3144 Episcopo
666 3066 847 3128 Bricciciisi
860 3059 922 3141 (d).

603 3227 740 3290 CAPUT
758 3225 812 3288 VI.

353 3362 492 3422 Litteras
507 3359 581 3418 tuas
593 3351 778 3429 recepimus
788 3345 1006 3416 continentes,
1019 3341 1104 3421 quod

307 3471 410 3538 'quum
453 3469 553 3532 super
585 3447 776 3513 excessibus
793 3433 795 3436 ’
815 3443 967 3521 magistri
997 3440 1106 3502 Mauri

312 3554 494 3636 presbyteri
510 3549 660 3613 ecclesiae
675 3545 798 3608 sanctae
807 3542 949 3620 Brlgldae
958 3538 1108 3602 Brixian-

312 3657 369 3726 sis,
388 3654 484 3732 juxta
504 3649 649 3712 debitum
677 3643 780 3707 oflicii
795 3639 973 3720 pastoralis
994 3635 1107 3713 inqui-

314 3769 416 3821 reres,
432 3747 600 3811 confessus
616 3744 676 3814 est,
689 3740 774 3818 quod
791 3755 890 3816 quum
901 3734 1043 3814 quadam
1053 3732 1107 3793 die

315 3851 456 3912 hostiam
470 3847 502 3908 et
512 3844 649 3906 calicem
664 3855 731 3900 non
745 3835 935 3906 haberet‚iu
946 3847 1031 3909 pane
1040 3830 1108 3892 fer-

315 3947 470 4018 mentato,
497 3941 587 4004 etin
613 3937 736 4016 scypho
765 3931 812 4013 (c)
841 3933 951 4008 ligneo
980 3928 1108 3991 astante

315 4046 436 4128 populo
466 4038 628 4104 solemnia
670 4031 838 4098 celebrare
879 4027 1105 4107 praesumpsit,

352 4246 390 4318 tc)
405 4241 530 4314 Geryoni
543 4237 664 4310 populiis
679 4231 830 4290 inccclcsic
844 4245 897 4287 iiic
908 4229 1024 4284 missu-m
1038 4225 1106 4282 ccle-

315 4319 398 4375 hiorc
408 4321 433 4372 tc
444 4312 621 4382 compellunt.
637 4310 739 4378 Utpote
754 4318 817 4376 quae
829 4315 927 4374 nuper,
938 4313 1004 4355 ueni
1026 4295 1109 4354 esub

316 4384 476 4447 Alexandro
496 4384 547 4450 ΙΙΙ,
569 4378 662 4436 adhuc
684 4375 777 4458 luerat
792 4314 1057 4455 archiepiscopafim
1074 4366 1109 4424 ab

317 4463 379 4533 ipso
394 4459 470 4515 enim
496 4449 656 4509 Alexandro
676 4453 756 4504 unita
772 4445 823 4500 luit
845 4443 1000 4513 Sipontinae
1015 4437 1107 4495 eccle·

317 4534 377 4592 siae.
395 4533 509 4586 auctore
535 4521 666 4647 sciffqne
687 4515 830 4597 linarolis,
846 4509 1031 4594 etiamtum
1046 4523 1106 4590 ine·

318 4601 437 4658 mortain
452 4607 565 4668 quoque
608 4605 671 4662 uyus
682 4589 796 4645 unionis
818 4581 1049 4654 archiepiscopus
1065 4580 1107 4636 Si·

318 4670 452 4744 pontinus
469 4663 600 4721 visitabat
613 4659 764 4718 ecclesiam
781 4655 807 4711 S.
821 4651 1005 4724 Archangeli.

356 4739 394 4811 (h)
408 4735 622 4804 archiepiscopo
648 4726 805 4799 liparitanae.
837 4723 977 4793 h'pslicliii,
995 4718 1106 4778 archie-

320 4812 482 4883 piscopatus
520 4803 629 4860 Sueciae
662 4798 697 4854 ab
734 4795 865 4868 Eugenic
900 4795 939 4850 lll
975 4798 1108 4858 erectus,

320 4893 396 4937 aiino
425 4876 503 4941 lile,
525 4879 640 4929 auctore
659 4868 798 4936 Barout03
819 4865 854 4921 ab
868 4861 1029 4919 Alexandro
1042 4874 1110 4916 vero

319 4954 370 5020 ΙΙΙ,
383 4955 415 5006 ut
429 4945 514 5002 refert
528 4945 610 5000 toan.
620 4941 753 5010 llagnus,
769 4934 1000 5006 archiepiscopus
1018 4933 1108 5004 Upss·

319 5021 417 5086 lensis,
434 5018 463 5074 iii
477 5011 624 5092 Metropoli
642 5008 737 5134 Uffm'
781 5075 787 5087 ·
1004 5072 1009 5084 ι

356 5091 394 5165 (c)
410 5090 451 5147 De
464 5099 547 5156 oque.
573 5082 643 5150 Quia
681 5092 706 5133 ie
727 5087 861 5148 regiones
875 5071 1111 5144 septentrionales

321 5165 388 5220 uino
411 5163 519 5219 carent,
539 5160 567 5210 et
586 5151 769 5221 importatum
793 5145 820 5200 vi
842 5142 956 5216 frigoris
977 5142 1110 5197 continno

321 5233 443 5292 acescit:
467 5238 584 5299 queres
604 5233 736 5289 miipiioiii
764 5215 917 5339 cttsseqnda
931 5211 1111 5292 Pontificibus

321 5302 455 5364 Roniiiiiis
479 5295 591 5366 iiipcssit
615 5303 724 5354 euroin,
745 5289 777 5342 ei
822 5299 905 5340 ictae
923 5284 1018 5338 hostica
1040 5297 1111 5351 pars

320 5382 441 5444 utruque
454 5369 635 5430 retineretur,
647 5357 880 5438 perperamque
895 5351 1059 5432 oppidatim,
1074 5351 1111 5408 θῑῑ

323 5447 449 5507 Mariana
462 5441 494 5495 dc
504 5437 560 5492 reb.
577 5433 708 5500 llispori,
724 5425 774 5483 lib.
786 5426 821 5489 V,
837 5439 869 5480 cn
894 5467 900 5478 .
914 5425 938 5479 l.
958 5422 993 5476 Et
1005 5419 1034 5476 hi
1048 5423 1108 5492 qni-

323 5521 388 5578 dam
404 5528 460 5572 noii
475 5505 632 5566 inciderant
645 5501 673 5556 iu
685 5495 816 5555 haeresim
826 5439 1110 5618 Hyffrossarastarum,

1152 1665 1396 1738 transmarinis,
1410 1666 1578 1728 intellecto
1602 1667 1689 1744 quod
1704 1665 1854 1744 yiraedicta
1874 1681 1923 1726 ec-

1153 1762 1255 1824 clesia
1266 1779 1325 1840 per
1338 1764 1500 1827 malitiam
1517 1764 1595 1827 dicti
1615 1763 1766 1842 magistri
1779 1762 1925 1840 multipli-

1154 1861 1236 1922 citer
1254 1860 1446 1935 laedebatur,
1468 1863 1695 1940 inquisitionis
1721 1861 1858 1923 officinm
1875 1860 1928 1920 ite·

1154 1973 1233 2018 rans
1248 1961 1377 2038 exejus
1392 1959 1655 2022 confessionibus
1674 1959 1840 2028 invenisti,
1855 1957 1927 2034 quod

1154 2055 1241 2116 idem
1258 2054 1303 2136 (s)
1319 2057 1391 2119 sine
1406 2059 1482 2133 igne
1503 2059 1535 2120 et
1557 2075 1643 2137 aqua
1660 2057 1929 2132 sacrificareprae-

1156 2154 1310 2231 sumpsit3
1332 2171 1434 2232 quare
1458 2156 1535 2233 quid
1551 2157 1590 2218 de
1612 2157 1685 2233 ipso
1715 2154 1872 2232 agendum
1896 2152 1931 2211 sit

1156 2254 1268 2314 nostro
1277 2252 1388 2330 petisti
1406 2253 1538 2315 edoceri
1545 2269 1717 2331 responso.
1733 2256 1834 2325 Quum
1845 2250 1932 2325 igitur

1155 2349 1208 2410 rel
1230 2351 1401 2427 exaperta
1428 2351 1565 2423 malitia,
1590 2352 1644 2412 rel
1664 2369 1709 2413 ex
1736 2351 1837 2412 nimia
1857 2347 1935 2408 desi-

1156 2447 1281 2524 pientia
1291 2463 1446 2525 peccasse
1461 2449 1628 2527 probetur,
1645 2447 1667 2511 f.
1681 2450 1706 2510 t.
1722 2465 1765 2509 m.
1777 2447 1932 2526 quatenus,

1158 2545 1186 2606 si
1212 2547 1393 2623 praemissis
1417 2547 1541 2608 veritas
1565 2547 1770 2624 suffragatur
1792 2543 1934 2606 officiosi

1158 2643 1413 2718 beneficiosub.
1438 2661 1512 2724 app.
1532 2646 1628 2718 obst,
1655 2645 1814 2724 perpetuo
1842 2642 1935 2718 ipsun

1158 2759 1279 2821 prives.

1329 2999 1495 3072 Episcopo
1510 2994 1782 3076 Pei⁴iaieiisi(g).

1445 3195 1582 3256 CAPUT
1602 3195 1672 3258 vit.

1201 3337 1274 3398 Non
1300 3335 1419 3400 debent
1444 3337 1661 3399 ecclesiarum
1685 3335 1817 3414 praelati
1838 3333 1945 3412 quibus

1161 3433 1355 3510 religionem
1371 3434 1522 3511 plantare
1543 3435 1697 3496 convenit
1713 3435 1747 3496 et
1766 3433 1886 3504 fovere,
1902 3429 1947 3491 ii-

1161 3547 1216 3592 ros
1244 3532 1419 3607 religiosos
1445 3533 1609 3610 persequi,
1636 3532 1668 3594 et
1688 3548 1747 3593 eos
1773 3545 1872 3608 super
1901 3527 1947 3588 his

1162 3630 1316 3702 maxime,
1330 3646 1402 3707 quae
1417 3631 1458 3690 ad
1474 3630 1622 3692 divinum
1637 3630 1763 3692 cultum
1778 3625 1947 3707 pertinent,

1162 3728 1307 3790 obviare.
1339 3728 1535 3806 Accepimus
1572 3745 1652 3789 sane
1677 3725 1949 3808 conquerentibus

1162 3826 1291 3888 dilectis
1315 3824 1393 3886 filiis
1413 3826 1574 3888 ministris
1589 3826 1716 3888 ordinis
1729 3823 1873 3887 fratrum
1893 3821 1952 3882 nti-

1162 3940 1279 3985 norum
1295 3923 1455 3995 Francius,
1477 3923 1562 4000 quod
1585 3923 1717 4000 quidam
1743 3923 1952 4000 praelatoruni

1162 4022 1309 4099 regionis
1323 4020 1414 4082 illius
1427 4022 1601 4082 occasione
1617 4021 1873 4098 privilegiorum
1886 4032 1954 4096 quaa

1164 4219 1266 4304 Troilo.
1281 4221 1315 4276 Et
1328 4216 1424 4275 forsan
1442 4215 1588 4289 presbyter
1611 4217 1639 4273 S.
1657 4215 1783 4289 Brigidie
1803 4212 1956 4273 Brixiciisis

1164 4305 1277 4419 hiztcap.
1293 4305 1354 4362 seq.
1371 4288 1488 4346 haeresis
1510 4287 1709 4344 Arineuicrum
1731 4294 1887 4360 suspectus
1908 4283 1955 4338 lin-

1214 4377 1256 4419 nr.

1200 4431 1241 4560 (dg
1262 4433 1399 4503 Episcopo
1411 4430 1566 4486 Brieieiisi.
1587 4428 1728 4494 Bertoldo,
1747 4429 1799 4500 qni
1822 4428 1905 4486 testis
1918 4430 1959 4480 cst

1165 4519 1219 4586 apu
1255 4503 1382 4586 litiheuin
1407 4503 1563 4559 litterarum
1579 4499 1714 4557 friderici
1735 4502 1762 4558 ll
1783 4498 1956 4558 confirman-

1165 4579 1234 4631 tium
1250 4575 1397 4646 privilegia
1414 4572 1541 4630 ecclesiae
1551 4570 1733 4630 Ravennatis.

1181 4643 1237 4727 Ι(ε)
1254 4643 1359 4724 Scpplio
1370 4643 1469 4712 liyiieo.
1486 4646 1539 4701 Per
1553 4640 1693 4726 scyphum
1704 4641 1847 4715 intelligit
1865 4641 1958 4698 llono-

1164 4730 1223 4771 rius
1238 4715 1367 4782 calicem,
1381 4711 1478 4786 dequo
1493 4729 1569 4786 supr.
1582 4728 1610 4769 iii
1626 4728 1658 4770 ca
1682 4713 1726 4780 .2,
1736 4714 1771 4768 dc
1786 4715 1924 4776 cormaci,
1936 4715 1961 4764 et

1165 4783 1349 4866 vulgoapud
1372 4784 1505 4863 hassiae.
1530 4785 1563 4841 dc
1576 4785 1625 4840 vit.
1674 4784 1757 4854 oritis,
1776 4784 1833 4852 Qui
1849 4779 1963 4855 quidem

1165 4855 1238 4912 calix
1250 4853 1363 4980 liqueris
1375 4869 1435 4926 yaiii
1457 4856 1620 4912 exoleverat
1640 4853 1727 4915 sartis
1745 4851 1961 4911 constitutioni·

1164 4926 1228 5008 hiis,
1239 4931 1270 4982 ut
1292 4931 1338 4982 ete
1350 4928 1479 4994 liniant,
1496 4923 1684 4993 lihderbd,
1696 4926 1827 4996 exponit.
1838 4925 1965 4984 Vetituiu

1165 5011 1241 5078 enirn
1261 5009 1429 5052 consociare
1445 4997 1550 5053 calices
1570 4995 1731 5069 hujusmodi
1753 5011 1848 5068 quum
1875 4993 1965 5052 chiis-

1166 5073 1250 5123 matis
1265 5067 1360 5122 unctio
1373 5065 1539 5149 adhiheatur
1548 5067 1626 5140 Juxta
1636 5066 1770 5124 Ordinem
1789 5068 1965 5129 Romanuin,

1166 5152 1252 5208 quum
1269 5143 1364 5192 tamen
1385 5138 1452 5194 olim
1481 5139 1541 5194 sola
1562 5137 1759 5195 benedictione
1775 5137 1806 5194 id
1824 5137 1921 5204 fieriu,
1938 5141 1965 5192 ut

1166 5209 1248 5288 docet
1268 5209 1300 5264 D.
1312 5207 1466 5279 Giegorius
1481 5209 1546 5266 libr.
1567 5205 1791 5278 Suci·oiiicut.,et
1807 5209 1897 5281 epist.
1916 5209 1965 5266 Fe=

1166 5279 1228 5334 licis
1242 5276 1316 5402 ayiud
1327 5277 1480 5358 burchard,
1496 5278 1742 5362 ¹ih·.1.¹¹›⁰⁰p·53·

1166 5347 1965 5499 ..thimio..lcttttttlttttttabaci

1166 5501 1222 5542 reis
1238 5493 1404 5556 increpari
1418 5489 1449 5544 iii
1463 5497 1582 5561 otiaque
1591 5492 1901 5562 atiurtspcuiepostits
1918 5505 1965 5546 noi

324 5592 371 5664 qui
395 5585 455 5644 som
475 5592 549 5651 aqua
573 5575 602 5631 yn
622 5584 709 5655 ¹saepo
724 5563 863 5646 sacrificio
877 5571 925 5619 ute
946 5567 1038 5642 antur,
1050 5569 1112 5618 ute
1166 5561 1312 5640 pcrqpciit.
1325 5558 1450 5626 Qualiter
1461 5561 1594 5632 puniatur
1608 5561 1896 5620 clericuscelehrnns
1909 5561 1965 5620 sint

323 5657 465 5720 contrario
481 5645 606 5710 Armenii
623 5641 649 5699 id
665 5655 714 5714 per
725 5637 817 5696 solnm
834 5647 932 5689 vinum
948 5629 1109 5688 faciehant:
1166 5627 1285 5694 lumine,
1298 5628 1410 5686 Caecilii
1426 5629 1461 5686 ild
1476 5631 1613 5688 Deeteissl·
1630 5633 1723 5690 collat.
1740 5633 1788 5700 tl,
1807 5648 1895 5692 num·
1909 5636 1936 5691 2·

323 5740 473 5800 utriiiiiqiie
488 5719 693 5780 condemnatur
713 5711 741 5768 iii
765 5720 828 5763 caii.
847 5705 891 5772 tit,
908 5700 1009 5774 synodi
1029 5702 1056 5770 o,
1083 5702 1110 5756 iii

1208 5697 1246 5768 (pl
1264 5699 1397 5770 Episcopo
1419 5701 1582 5758 Porisiriisi.
1608 5703 1757 5761 tliiillelino
1772 5705 1812 5774 ll,
1831 5705 1871 5761 de
1899 5705 1965 5760 Sall
