3984 6292
62 397 137 459 565

114 559 155 616 in
170 553 365 634 episcopatu
378 551 562 615 Viennensi
576 570 584 608 :
597 552 745 614 Ecclesia
756 554 874 615 Roma·

61 653 212 715 riensis.

112 753 153 812 In
169 749 385 828 Lugdunensi
400 770 407 810 :
421 747 874 818 Ymniacensisambronia-

62 850 200 910 censis.

723 393 847 454 ninas
869 394 1080 456 causuuu.

1667 394 1726 454 566

929 553 1168 616 Monasterium
1178 553 1290 616 Sancti
1301 551 1486 623 Michaelis,
1500 553 1612 615 Sancti
1624 553 1724 616 Wan-

928 652 1168 827 dl'ierssllrilingliat
1190 750 1303 814 Sancti
1326 749 1417 812 Petri
1439 749 1480 810 de
1498 749 1724 812 westmonas-

927 847 1023 920 terio,
1042 848 1155 910 Sancti
1169 848 1300 921 albani,
1318 847 1431 910 Sancti
1447 847 1635 922 Augustini.

112 949 153 1008 In
170 943 427 1008 Matisconensi:
444 943 687 1016 cluniacensis,
709 946 873 1006 Trenore-
968 948 1004 1007 in
1031 945 1223 1008 Leodiensi:
1248 945 1398 1008 Ecclesia
1427 945 1541 1007 Sancti
1570 945 1661 1006 Patri
1681 944 1721 1004 de

56 1059 189 1119 Jensm.

108 1143 149 1203 In
161 1140 383 1217 Lingonensi:
401 1138 629 1201 Puitanensis.

109 1241 317 1302 Inaruenna
332 1260 339 1298 :
356 1237 504 1299 Ecclesia
516 1236 629 1298 Sancti
641 1235 777 1309 Juliani,
794 1236 871 1298 Bri·

60 1336 263 1408 namensis,
301 1336 414 1397 Sancti
446 1332 558 1406 Fieri,
599 1333 868 1406 Celsimacensis,

57 1433 356 1506 altisiodorensis
370 1433 483 1495 Sancti
500 1432 702 1502 Sebastiani,
724 1431 872 1510 Moysia-

58 1531 287 1603 ceasia,(iasa
295 1532 366 1604 Dei,
376 1533 487 1594 Sancti
497 1531 657 1603 Gildar'di,
665 1530 872 1593 Aureliatcn-

59 1630 129 1702 sis,
158 1630 280 1691 Montis
313 1630 485 1703 Ferrandi,
511 1629 684 1692 Prioratus
714 1627 872 1706 81111111-

60 1743 195 1788 censis.

72 1827 145 1886 ·In
177 1823 399 1886 Bituricensi:
437 1826 676 1888 nonasterium
709 1824 868 1898 Dolense,

58 1921 159 1999 quod
170 1922 269 1984 solvit
278 1923 452 1984 annuatim
465 1924 597 1984 unciam
608 1923 694 1984 auri.
706 1925 743 1984 in
753 1923 869 1985 eadem

59 2020 245 2097 provincia
260 2019 426 2082 albiensis
446 2019 608 2094 Ecclesia,
624 2021 723 2083 solvit
739 2037 870 2083 annua-

58 2119 129 2179 tim
153 2117 365 2179 2bisantios.
392 2120 429 2179 In
442 2119 558 2180 eodem
578 2118 770 2198 episcopatu
789 2121 870 2180 Cas-

58 2218 185 2277 trense
205 2216 457 2289 monasterium,
467 2217 499 2278 et
515 2217 694 2278 sennense
710 2219 866 2289 castrum,

60 2313 158 2390 quod
171 2313 272 2376 solvit
284 2330 421 2376 censum
436 2315 474 2376 io
484 2314 677 2376 solidorum.

108 2413 149 2472 In
192 2413 421 2475 Lemovicensi
457 2413 680 2490 episcopatu:
719 2413 867 2475 Ecclesia

61 2509 185 2571 Sancti
201 2509 374 2572 Martialis.

106 2608 149 2668 In
182 2607 367 2684 Hispania:
397 2609 635 2670 Monasterium
664 2608 869 2672 8111111111-

60 2704 180 2778 cundi,
197 2705 308 2767 Sancti
320 2706 481 2769 servandi
496 2707 658 2768 Toletani.

105 2805 148 2863 ln
179 2802 351 2864 Bisuntino
387 2803 598 2880 episcopatu:
627 2805 867 2867 Monasterium

62 2899 295 2971 Luxoviense,
312 2900 551 2964 Monasterium
566 2899 764 2974 Litturense‚
781 2903 867 2980 quod

64 2997 173 3060 solvit
190 2998 228 3058 10
242 2997 365 3060 solidos
380 2999 569 3060 basiliensis
584 3002 737 3062 monetae.

104 3097 147 3156 In
167 3094 332 3156 Eduensi:
352 3097 590 3160 Monasterium
603 3097 866 3171 verzeliacense,

61 3192 186 3254 Sancti
199 3193 373 3255 Leonardi.

104 3291 147 3352 In
169 3290 455 3355 antisiodorensi:
485 3293 724 3356 Monasterium
754 3293 866 3378 Sancti

59 3387 237 3459 Germani,
251 3391 283 3450 et
296 3391 329 3449 S.
346 3389 446 3452 Petri.

105 3487 146 3546 In
159 3485 379 3548 Nivernensi:
396 3487 569 3549 Prioratus
585 3487 625 3550 de
641 3489 797 3551 Caritate.

104 3585 146 3643 In
159 3583 391 3646 aurelianensi
404 3607 411 3645 :
428 3585 667 3647 Monasterium
683 3587 796 3649 Sancti
809 3589 869 3648 Be·

60 3680 193 3743 nedicti
203 3697 303 3758 supra
318 3684 474 3760 Ligerim.

107 3781 147 3838 ln
179 3779 334 3842 Fiandria
353 3797 360 3835 :
381 3781 510 3844 Sanctae
536 3781 652 3844 Maria:
684 3781 718 3843 in
738 3783 865 3844 Valen-

59 3878 177 3944 tiana,
206 3877 316 3940 Sancti
343 3879 485 3950 Bertini,
514 3881 546 3941 et
570 3879 683 3942 Sancti
712 3881 803 3942 Petri
831 3881 865 3942 in

61 3975 167 4035 Gant.

105 4073 145 4132 In
167 4071 398 4134 ambianensi:
413 4075 651 4136 Monasterium
673 4075 863 4150 corbiense,

60 4169 183 4230 Sancti
207 4169 343 4244 Ricarii,
361 4172 394 4234 et
408 4171 520 4234 Sancti
540 4172 698 4247 valerici,
728 4173 865 4238 abbatis

59 4266 167 4332 Vilia.

105 4367 147 4424 In
160 4366 363 4428 Tornacensi
380 4390 387 4428 :
403 4367 515 4430 Sancti
530 4368 683 4430 amandi.

105 4464 146 4523 In
165 4463 360 4525 carnotensi
378 4485 384 4525 :
399 4466 637 4528 lionasterium
654 4465 866 4530 Vindocirei-

61 4575 185 4620 nense.
320 4621 327 4632 Λ
802 4611 804 4617 Α

106 4661 146 4718 ln
155 4659 340 4721 Turonensi
353 4675 360 4715 τ
373 4661 424 4720 Ma
425 4663 481 4738 jus
490 4661 739 4735 Monasterium,
753 4661 866 4724 Sancti

62 4755 214 4828 itlartini,
231 4757 447 4830 Beliusiocus,
459 4759 626 4820 canonica
645 4759 759 4822 Sancti
774 4761 867 4822 Mar-

63 4853 140 4923 tini,
153 4853 188 4914 in
202 4869 266 4930 qua
279 4869 399 4932 corpus
414 4857 486 4933 ejus
500 4855 649 4933 quiescit.

107 4953 144 5011 ln
170 4951 424 5028 andegavensi:
451 4953 563 5015 Sancti
587 4953 758 5026 Florentii,
785 4955 864 5018 Sal-

63 5047 256 5110 muriensis.
372 5099 376 5107 .

106 5148 144 5206 111
161 5147 366 5209 Redonensi:
382 5149 496 5210 Sancti
506 5147 654 5211 iiielanii.

105 5247 143 5304 ln
161 5245 415 5309 suessionensi:
434 5249 547 5309 Sancti
561 5247 723 5310 Medardi.

105 5343 144 5402 In
175 5343 353 5405 Remensi:
391 5345 504 5407 Sancti
538 5347 668 5408 Nicoiai
703 5347 744 5408 de
773 5347 864 5410 Silva

64 5439 161 5501 Luitz
164 5484 223 5501 .....

107 5540 144 5598 In
155 5538 354 5605 Parisiensi:
367 5541 479 5603 Sancti
491 5539 651 5620 Dionysii,
663 5544 793 5606 Sanctae
805 5545 864 5606 Ge·

65 5635 207 5709 iiot'efae,
223 5639 351 5700 Sanctae
364 5639 479 5701 Mariae
494 5639 654 5702 inehela.

107 5737 144 5795 ln
177 5735 412 5798 Normannia:
443 5739 617 5811 Beccense,
649 5740 861 5815 Fiscanense‚

926 1043 1046 1116 Eoron,
1057 1030 1134 1122 buce
1148 1043 1247 1106 solvit
1255 1042 1436 1105 bisantium
1447 1058 1560 1103 unum.

966 1143 1004 1202 in
1015 1139 1164 1203 Tuliensi
1175 1141 1366 1218 episcopatu
1379 1163 1386 1201 :
1400 1138 1638 1202 Monasterium
1648 1140 1719 1200 Ro·

926 1239 1120 1300 maricenso.

965 1339 1002 1398 In
1024 1337 1216 1416 episcopatu
1233 1336 1433 1398 Basiiiensi:
1456 1332 1718 1405 Whierneheim,

926 1434 958 1496 et
979 1435 1100 1496 Sancta
1116 1437 1215 1507 Crux,
1232 1435 1318 1512 quod
1334 1434 1432 1496 solvit
1447 1437 1568 1494 Rosam
1584 1447 1720 1492 auream

926 1530 1064 1593 duarum
1078 1533 1252 1594 unciarum
1266 1547 1496 1606 romanarum:
1507 1533 1717 1600 Oomareseu‚

925 1629 1061 1692 Murbae.

964 1729 1002 1789 ln
1034 1727 1254 1790 Alamannia:
1275 1726 1440 1789 vuldense
1468 1723 1717 1795 Monasterium,

925 1825 1038 1889 Sancti
1050 1825 1147 1898 oalii,
1166 1825 1400 1896 Ysauricense,
1415 1827 1580 1900 augense,
1594 1820 1720 1894 Quinti·

923 1921 1154 2000 linburgense,
1176 1921 1387 2002 corbejense,
1413 1921 1572 1992 Eristeiu,
1592 1917 1719 1986 Rotae-

923 2021 1085 2084 nesheim.

962 2121 1001 2180 In
1035 2119 1206 2182 Bremensi
1243 2117 1434 2196 parochia:
1477 2113 1718 2176 Monasterium

924 2215 1053 2280 Sanctae
1073 2217 1189 2279 Mariae
1205 2214 1470 2286 Roseveldensis,
1487 2213 1571 2291 quod
1584 2212 1639 2273 dat
1661 2209 1717 2270 bi-

923 2316 1067 2377 santium
1080 2332 1198 2392 unum;
1211 2314 1448 2376 Monasterium
1461 2311 1591 2373 Sancta
1602 2308 1718 2370 Mariae

922 2413 963 2475 de
977 2413 1064 2475 Villa
1076 2412 1243 2483 Radestat,
1260 2412 1346 2490 quod
1359 2412 1416 2473 dat
1429 2409 1576 2472 2uncias
1592 2406 1666 2468 auri
1680 2407 1716 2466 in

924 2510 1119 2588 Septembri.
1428 2499 1431 2504 ’

962 2607 999 2669 ln
1013 2607 1254 2669 albestatensi:
1280 2606 1421 2668 abbatia
1443 2603 1556 2665 Sancti
1572 2600 1715 2663 Servatii

921 2706 957 2768 in
981 2705 1216 2781 Quintiliburg,
1239 2703 1379 2766 abbatia
1395 2702 1508 2764 Sancti
1530 2699 1661 2778 (tyriaci
1675 2699 1716 2760 de

923 2801 1130 2876 onesinum:
1147 2801 1257 2863 Sancti
1275 2801 1446 2863 Laurentii
1461 2798 1643 2860 ildeslerio.

962 2903 998 2963 in
1026 2899 1346 2962 Hildeneisemensi:
1383 2897 1524 2961 abbatia
1553 2895 1593 2957 de
1624 2898 1715 2956 Gan·

922 2999 1065 3061 dersein.

961 3100 998 3158 ln
1020 3095 1317 3173 Magdeburgensi:
1339 3092 1479 3156 abbatia
1503 3092 1615 3154 Sancti
1646 3092 1714 3168 Cy·
1768 3101 1771 3106 ’

922 3194 1032 3274 priani
1047 3194 1087 3255 de
1100 3193 1291 3269 Neimborg.

961 3295 998 3354 ln
1014 3291 1317 3370 Mesemburgonsi:
1333 3289 1474 3352 abbatia
1489 3288 1530 3349 de
1544 3287 1662 3362 Pigou.

961 3393 998 3452 In
1015 3391 1226 3465 Patariensi3
1249 3388 1461 3450 Gerondense
1478 3384 1717 3448 Monasterium
1841 3379 1844 3383 ’
1928 3381 1933 3392 “

917 3487 1021 3550 sonu
1033 3487 1165 3550 domino
1187 3489 1287 3564 Papae
1302 3484 1474 3548 annuatim
1486 3487 1635 3544 'marcam
1655 3495 1715 3540 ar-

921 3583 1012 3662 genti
1026 3607 1034 3660 3
1050 3585 1281 3657 Medelicense,
1295 3599 1414 3645 aureos
1438 3583 1536 3656 duos:
1549 3578 1718 3640 Monaste-

920 3684 1007 3746 rium
1028 3685 1160 3746 Sanotae
1188 3683 1305 3744 Mariae
1326 3681 1367 3742 de
1386 3677 1634 3759 Lecelemburg,
1650 3691 1716 3736 au-

920 3795 1014 3844 reum
1030 3797 1144 3843 unum.

959 3890 997 3949 In
1010 3887 1278 3964 Salesburgensi:
1293 3885 1440 3948 Ecclesia
1455 3883 1585 3946 Sanctae
1597 3881 1715 3943 Mariae

921 3986 954 4047 et
969 3987 1082 4047 Sancti
1097 3985 1186 4047 Petri
1202 3985 1242 4046 de
1257 3983 1442 4058 Ponbergo.

962 4085 999 4145 ln
1014 4082 1185 4145 curiensi:
1200 4081 1392 4154 Fabriense,
1408 4079 1625 4142 Disertinum.

959 4182 998 4241 In
1011 4179 1191 4241 Bazocensi
1203 4179 1406 4256 episcopatu,
1421 4177 1456 4262 iu
1470 4175 1642 4254 provincia
1654 4175 1717 4234 Sa-

920 4275 1127 4354 lesbnrgensi
1138 4293 1145 4332 :
1156 4276 1305 4338 Ecclesia
1317 4275 1429 4337 Sancti
1438 4271 1627 4350 augustini,
1643 4285 1717 4348 quaa

920 4375 977 4438 dat
991 4389 1130 4436 aureum
1145 4389 1259 4435 unum.

961 4475 998 4535 In
1011 4471 1277 4536 constantiensi:
1294 4471 1443 4534 Godense
1465 4467 1715 4536 Monasterium,

922 4571 1051 4634 Sanctae
1067 4571 1183 4634 Mariae
1205 4571 1240 4633 in
1254 4570 1381 4645 Insula:
1396 4568 1555 4641 Ecclesia,
1573 4581 1646 4644 quaa
1664 4564 1717 4625 di-

921 4670 1006 4732 citur
1032 4669 1315 4742 Pertescadinum,
1341 4667 1439 4729 solvit
1463 4664 1654 4726 annualiter
1677 4663 1716 4723 49

921 4767 1076 4829 denarios
1092 4767 1345 4844 Ratisponensis
1360 4765 1501 4826 monetae
1516 4785 1524 4840 3
1546 4761 1715 4824 Monaste-

919 4847 1007 4926 rin'm
1030 4865 1144 4926 Sancti
1158 4864 1273 4937 Blasii,
1297 4863 1538 4926 Monasterium
1558 4859 1714 4932 Rutensa,

921 4963 1034 5026 Sancti
1062 4963 1207 5040 Georgii,
1231 4961 1344 5024 Sancti
1370 4961 1472 5034 Petri,
1501 4961 1534 5022 et
1556 4957 1715 5030 Viveldae,

919 5061 1135 5139 alpersbach,
1166 5060 1439 5138 Wibelingense,
1474 5059 1563 5120 Geiia
1586 5057 1716 5119 Sancta:

920 5160 1047 5231 Mariae,
1081 5161 1211 5220 Burren
1244 5159 1497 5229 canonicorum,
1536 5155 1714 5227 Scasusen,

919 5262 1047 5322 Burren
1063 5257 1313 5325 Monachornm,
1331 5256 1432 5327 Roda,
1448 5257 1628 5330 Bregensa,
1644 5254 1716 5314 au-

919 5358 975 5434 gia
1001 5355 1124 5428 lnsula,
1149 5353 1261 5416 Sancti
1288 5352 1385 5422 Galli,
1411 5351 1553 5424 Bucebo,
1585 5349 1716 5412 Weiin·

919 5453 1293 5528 dowe3Monasterium
1326 5450 1361 5528 in
1390 5451 1474 5524 loco,
1510 5447 1566 5527 qui
1594 5448 1715 5510 dicitur

919 5551 1082 5626 Quivilda,
1096 5545 1195 5611 solvit
1209 5565 1346 5610 aureum
1362 5565 1476 5609 unum.

958 5652 995 5711 in
1006 5645 1240 5723 Neuburgensi
1250 5646 1442 5724 episcopatu
1455 5663 1462 5701 :
1476 5642 1713 5708 Monasterium

918 5747 1128 5809 austunense
1140 5745 1196 5806 dat
1206 5759 1345 5806 aureum
1363 5757 1475 5804 11111111.
