3984 6292
61 322 121 384 537
707 319 830 382 LIBER
852 317 1065 385 amanum.

100 483 140 544 In
169 480 361 561 episcopatu
385 477 522 558 Apiensi
550 496 558 536 ε
584 478 755 544 amandus
783 493 857 542 cum
949 483 990 546 Iu
1002 484 1196 566 episcopatu
1212 490 1433 558 cabannensi.

60 579 221 643 inanibus
236 578 269 641 et
289 575 464 656 nepotibus
479 576 560 651 suis,
580 578 600 640 3
618 576 855 641 marabutinos.

100 680 140 740 In
156 677 348 756 episcopatu
363 675 517 752 Rogansi.
1008 695 1014 708 ·
1178 697 1248 758 pp
1256 699 1285 759 Α
1295 691 1396 762 Nc]
1403 701 1443 762 Α,

100 777 141 837 In
156 773 349 853 episcopatu
365 773 598 852 Forojuliensi.

100 871 251 935 Ecclesia
274 870 504 942 Pinnacensis,
530 874 551 932 7
572 869 698 933 solidos
717 862 856 948 mergu-
952 865 989 926 111
1004 863 1291 949 archiepiscopatu
1306 874 1519 951 Lugdunensi
1535 884 1706 947 :Ecclesia

61 969 479 1034 liensisvalprismonetae„
912 962 1321 1042 Sanctidugendi,unam
1333 974 1566 1040 unciamami.

100 1067 252 1130 Ecclesia
263 1069 392 1130 Sanciae
402 1067 518 1129 Mariae
528 1065 743 1138 Bariclensis,
753 1081 857 1128 maun
950 1061 1190 1126 nonasterium
1211 1067 1333 1130 Inadae
1352 1072 1520 1148 Barbarae,
1542 1079 1704 1142 2uncias.

57 1165 319 1228 marabotinum.
949 1159 1191 1224 monasterium
1219 1166 1334 1228 Sancti
1359 1170 1451 1232 Petri
1476 1174 1598 1238 Montis
1627 1177 1706 1239 Vm-

100 1265 140 1325 in
156 1263 348 1342 episcopatu
359 1261 572 1339 vapincensi.
911 1253 1003 1330 duni.
1028 1274 1131 1322 unam
1157 1259 1350 1338 bisantium,
1387 1265 1474 1332 sicut
1503 1269 1645 1336 babetur
1669 1275 1705 1336 in

100 1363 140 1422 in
150 1361 341 1439 episcopatu
350 1359 560 1422 sistarciensi
570 1375 580 1416 ι
590 1356 857 1422 Εουῑοείαὸεωοϋ
910 1355 1041 1430 regesto
1055 1357 1244 1434 Clementis,
1262 1377 1353 1424 anno
1367 1365 1486 1441 primo.

57 1459 199 1520 Martini
210 1459 251 1522 de
265 1459 379 1531 croco,
391 1473 496 1518 unm
508 1456 767 1520 marabotinum.
949 1454 989 1514 In
1027 1454 1220 1534 episcopatu
1249 1459 1395 1523 Eduensi
1425 1484 1433 1524 ε
1466 1465 1705 1532 monasterium

99 1555 251 1618 Ecclesia
261 1556 374 1618 Sancti
383 1555 519 1618 Martini
527 1553 742 1629 OEcsoiensis,
754 1569 857 1616 unum
910 1551 1044 1614 Sancta
1068 1554 1185 1617 Mariae
1208 1557 1417 1634 magdalenae
1440 1563 1704 1640 miliacensis,

56 1653 318 1716 marabotinum.
911 1649 1395 1734 unamlibramargenlipuri.

97 1754 140 1812 In
161 1751 452 1830 archiepiscopatu
476 1749 663 1814 Arelatensi
687 1766 696 1808 ε
721 1750 858 1812 Mones-
951 1747 991 1808 In
1005 1747 1197 1827 episcopatu
1211 1753 1460 1818 Matisccuensi.

54 1849 182 1911 terium
202 1849 315 1912 Sancti
330 1848 422 1912 Petri
433 1848 584 1927 Majoris,
600 1851 620 1911 l
639 1847 781 1925 solidos3
796 1861 857 1926 pro
951 1845 990 1906 In
1004 1845 1195 1925 episcopatu
1208 1850 1444 1915 cabillonensi.

54 1947 198 2011 castello
209 1947 324 2010 cunm
338 1945 483 2020 Bidaba,
497 1945 607 2010 thuna
620 1945 725 2008 libras
738 1947 769 2008 3.
947 1941 989 2002 In
999 1940 1195 2020 episcopatu
1209 1943 1414 2023 lingonensi
1430 1969 1439 2010 ε
1455 1951 1604 2016 Ecclesia
1625 1956 1707 2018 Pul-

97 2045 340 2108 Monasterium
364 2043 479 2109 Sancti
504 2043 657 2109 demasii
673 2044 716 2106 de
727 2042 855 2116 Fossis,
910 2036 1079 2112 lariensis,
1095 2055 1196 2102 uuam
1207 2041 1328 2106 libram
1341 2047 1484 2123 argenti.

54 2146 76 2205 5
96 2141 236 2206 solidos.
949 2135 1099 2200 Ecclesia
1112 2137 1337 2217 Divionensis,
1358 2157 1507 2208 marcam
1527 2163 1629 2212 unam
1648 2165 1706 2212 ar·
1798 2135 1800 2140 ’

97 2241 343 2304 Monesierium
357 2237 766 2313 Arelaiease,2ilsoiidos.
910 2233 1013 2310 genii.
1604 2305 1607 2312 .

95 2341 139 2399 In
157 2337 351 2417 episcopatu
374 2337 578 2401 Massiliensi
599 2353 609 2395 ε
631 2335 856 2400 communitas
951 2332 990 2394 In
1007 2332 1296 2414 archiepiscopatu
1309 2339 1493 2404 senonensi
1508 2359 1517 2400 z
1533 2343 1706 2410 Menante-

53 2435 282 2498 Massiliensis
297 2436 394 2499 debat
413 2435 511 2498 annis
530 2435 677 2513 segona
698 2433 857 2498 Ecclesia
910 2428 997 2492 rium
1019 2432 1248 2508 Ferrariense,
1264 2451 1366 2498 unam
1380 2437 1513 2502 ancmm
1534 2443 1612 2506 auri
1628 2445 1706 2506 sin-

53 2537 220 2596 Rcmanae
233 2533 291 2596 loc
300 2533 414 2596 obolos
423 2534 700 2596 massenutimoa
715 2532 757 2596 nt
770 2531 857 2594 ncta
911 2527 998 2604 gulis
1012 2527 1178 2592 insaniis

52 2632 111 2694 est
135 2631 304 2694 censualis
321 2645 414 2694 anno
440 2634 460 2694 4
486 2630 611 2694 domini
636 2629 789 2707 abacti
812 2631 857 2691 IX
948 2627 1190 2690 Monesierinm
1223 2629 1356 2693 sanctas
1395 2632 1572 2712 Columbae
1602 2655 1706 2704 unum

53 2733 173 2808 Papae.
186 2727 504 2811 [Additomcotcm.]
911 2722 1168 2786 marabotinum.

95 2831 138 2889 In
153 2827 348 2906 episcopatu
361 2825 579 2890 avinionensi
593 2841 601 2882 ε
615 2823 857 2887 Mmasteriam
950 2823 989 2882 1n
1009 2821 1203 2902 episcopatu
1222 2825 1408 2889 Parisiensi
1430 2845 1441 2886 ε
1466 2831 1706 2897 Monasieriam

52 2923 175 2988 Sancti
201 2924 342 2987 Andreae
368 2924 455 3003 apud
482 2923 630 2986 Moniem
652 2922 855 2996 intlaesam,
911 2919 1157 2994 beliniacense,
1175 2937 1276 2984 unam
1291 2925 1424 2987 unciam
1438 2930 1524 2991 auri.

50 3027 71 3086 3
91 3022 200 3084 libras
214 3037 312 3095 cera,
334 3022 367 3085 et
383 3037 444 3100 pro
466 3021 609 3084 ecclesia
630 3019 745 3084 Senon
766 3019 857 3083 Petri
950 3017 1100 3080 Ecclesia
1115 3020 1229 3083 Sancti
1247 3021 1381 3084 Thomas
1400 3040 1584 3104 pauperum
1602 3030 1705 3094 00110.

50 3121 97 3182 de
112 3119 274 3194 Tellena,
290 3119 425 3182 alibras
440 3135 538 3181 cern.
911 3113 1033 3180 larium
1055 3116 1290 3194 parisiensium
1309 3123 1444 3199 recepta
1465 3123 1517 3187 est
1541 3125 1603 3188 sub
1627 3144 1708 3206 pro-

96 3221 138 3279 In
154 3217 347 3296 episcopatu
359 3216 596 3280 aurasiacensi
608 3237 620 3278 a
634 3217 690 3278 W.
699 3213 857 3278 dominus
911 3213 1054 3287 teodone
1067 3216 1226 3278 Romana
1238 3217 1406 3294 maana,
1420 3222 1632 3299 pontificatus
1646 3227 1708 3289 do-
1766 3249 1768 3254 ’

51 3315 210 3394 ejusdem
232 3315 335 3388 villae,
351 3313 527 3376 dimidiam
546 3327 693 3376 marcam
713 3313 855 3390 argenti.
911 3309 994 3373 mini
1008 3313 1253 3376 Innocentiiiil
1274 3315 1375 3394 Papae
1390 3333 1478 3381 anno
1491 3321 1540 3382 la.
1556 3323 1597 3385 Et
1610 3323 1707 3388 debet

99 3411 570 3490 Inepisccpatuvasionensi.
910 3407 1238 3489 singulisanuiepro
1252 3413 1610 3484 censuaobolcsauri.

99 3513 138 3572 In
152 3509 344 3588 episcopatu
357 3507 586 3572 caballicansi.
952 3505 1147 3570 Octavokal.
1159 3509 1378 3578 Nov.,ann05
1388 3512 1514 3575 domini
1523 3516 1705 3581 Alexandri

98 3611 138 3668 ln
166 3606 360 3685 episcopatu
390 3605 589 3680 'Priscatiao
625 3605 714 3669 idest
740 3604 857 3668 senon
911 3604 1012 3682 Papo
1025 3605 1070 3666 IV
1080 3603 1169 3682 apud
1181 3607 1379 3682 anagniam,
1388 3612 1558 3689 omeptum
1570 3614 1706 3678 estmo-

49 3703 170 3768 Pauli.
911 3699 1095 3764 uasiemrnn
1110 3703 1221 3766 Sancti
1243 3703 1393 3783 Dionysii
1415 3707 1453 3770 in
1470 3711 1614 3774 Francia
1644 3713 1706 3777 stab

98 3805 138 3864 ln
150 3801 345 3880 episcopatu
357 3800 572 3864 Tholouensi.
912 3798 1116 3876 protectione
1124 3802 1283 3864 Romana
1297 3803 1465 3867 Ecclesiae.
1475 3807 1516 3870 nt
1528 3808 1625 3873 debet
1637 3811 1708 3875 sol-

95 3903 138 3963 In
152 3899 345 3978 episcopatu
359 3898 662 3977 carpentoratensi.
911 3911 991 3960 aare
1018 3897 1192 3960 annuatim
1222 3913 1283 3976 pro
1311 3915 1414 3962 censu
1443 3919 1544 3966 unam
1571 3910 1707 3972 unciam

95 4000 139 4059 In
162 3995 453 4073 archiepiscopatu
472 3994 686 4058 Viennensi:
708 3993 858 4056 molesia
912 3994 1174 4073 auriadpondus
1186 4011 1372 4058 romanum.
1387 3995 1705 4089 [Addttomcaiuml
1738 4011 1741 4018 '
1768 4013 1784 4030 ⁸

52 4093 293 4165 Romanensis‚
323 4108 397 4170 qua
432 4091 588 4171 specialis
614 4092 667 4155 ast
700 4090 859 4154 summm
950 4089 1195 4154 momerium
1209 4091 1323 4155 sancti
1335 4095 1486 4173 Dionysii
1502 4098 1537 4159 in
1552 4101 1706 4174 mancia,

51 4197 233 4264 Romanae,
249 4189 347 4252 debet
362 4188 538 4251 annuatim
560 4205 622 4267 pro
636 4205 741 4252 censu
754 4199 859 4252 unum
913 4187 999 4265 quod
1020 4203 1041 4250 a
1064 4188 1177 4250 multis
1202 4189 1406 4268 temporibus
1426 4195 1618 4273 exemptam
1643 4201 1706 4273 est,

50 4289 245 4352 sextarium
270 4287 533 4365 amygdalarum,
555 4285 642 4365 quod
654 4285 859 4364 pneumam
913 4300 1029 4362 nuper,
1047 4283 1207 4348 uidelicet
1224 4287 1453 4361 aunodomini
1467 4290 1649 4358 Alexandri
1664 4300 1709 4359 IV

50 4387 141 4448 facit
154 4385 357 4448 mediocrem
365 4399 531 4446 saumana.
737 4385 738 4390 ’
913 4384 1014 4460 Papae
1029 4382 1155 4460 quinto,
1172 4384 1191 4444 8
1205 4381 1367 4446 kalendas
1383 4387 1591 4466 Nouembris,
1608 4409 1708 4456 cons-

96 4487 139 4545 In
163 4483 356 4561 episcopatu
376 4481 583 4544 Valentiansi
599 4503 607 4543 ε
624 4479 860 4544 omnimedi-
912 4479 1003 4543 tituil
1021 4495 1157 4542 censum
1176 4479 1275 4541 unius
1293 4483 1402 4545 unciae
1423 4486 1498 4548 anm
1517 4488 1559 4549 ad
1576 4492 1706 4567 pondus

23 4633 29 4640 .
49 4581 161 4644 marii
176 4581 217 4641 de
230 4579 388 4654 Moscho,
403 4595 507 4640 unum
520 4579 778 4642 marabotinum.
914 4579 1115 4647 Romanum,
1142 4576 1336 4639 solvendam
1360 4581 1458 4643 annis
1483 4585 1625 4662 singulis
1643 4603 1710 4666 pa.

97 4677 251 4740 Ecclesia
264 4677 378 4739 Sancii
388 4677 465 4740 nco
482 4675 579 4739 debet
592 4677 690 4738 annis
704 4673 857 4751 anguis,
913 4673 994 4737 latio
1009 4673 1239 4736 Lateranensi.
1252 4672 1571 4762 [ammentum]

50 4780 75 4838 3
91 4773 323 4848 marabutinos
344 4789 404 4852 pro
419 4773 685 4852 possessionibus
708 4772 750 4835 de
769 4773 857 4846 Sata,
953 4773 992 4833 In
1017 4771 1210 4848 episcopatu
1231 4773 1430 4836 &monesi
1446 4798 1454 4837 ε
1471 4769 1708 4844 Monasterium

51 4873 136 4936 sies
150 4871 187 4933 in
199 4871 336 4933 dioecesi
349 4871 543 4947 agathensi.
913 4867 1146 4941 Vindociense,
1161 4869 1202 4929 12
1213 4869 1340 4933 solidos
1355 4867 1614 4950 andegavenses.

100 4971 140 5030 In
157 4968 349 5046 episcopatu
365 4967 566 5030 vivariensi.
953 4964 1102 5029 Ecclesia
1118 4965 1248 5030 macc
1262 4969 1378 5032 Mariae
1398 4970 1438 5033 de
1453 4974 1707 5056 Grandioampo,

101 5065 491 5144 inopisccpauiiiiensi.
915 5077 1018 5124 unum
1029 5063 1265 5126 malachinum.

101 5167 140 5226 ln
156 5163 348 5242 episcopatu
359 5161 680 5240 Gratianopoliiano.
954 5161 1205 5236 Monasterium‚
1217 5162 1592 5240 quoddiciturcustodia
1600 5173 1711 5235 Baetae

102 5265 141 5323 In
157 5261 349 5339 episcopatu
360 5258 591 5322 maurianensi
606 5275 615 5316 ε
632 5257 806 5336 Hospitale
820 5257 861 5320 de
915 5258 1032 5321 Maria
1039 5260 1138 5337 juxta
1151 5259 1269 5334 Blesis,
1295 5255 1429 5323 ordinis'
1447 5265 1577 5329 Sanctae
1592 5269 1710 5345 Clarae,

54 5359 236 5436 Rupecula
246 5357 371 5421 iactum
394 5357 447 5421 est
471 5355 627 5420 censuale
645 5356 684 5418 in
707 5356 748 5416 12
760 5355 860 5417 uen—
915 5357 1261 5420 unemunciamauri.

53 5455 224 5520 irensibus
245 5455 417 5518 annuatim
435 5455 585 5532 tempore
609 5451 735 5514 domini
760 5454 862 5530 Papae
955 5454 1455 5533 Inepiscopatulurelianensi.

54 5553 252 5618 innocentii
267 5555 311 5616 1v
331 5568 418 5615 anno
432 5554 464 5622 2,
479 5551 567 5614 sicut
588 5549 728 5628 apparet
748 5548 786 5612 in
806 5564 863 5612 re-
956 5553 994 5614 In
1008 5553 1201 5631 episcopatu
1217 5553 1425 5618 Nivemense
1448 5572 1456 5614 τ
1472 5558 1711 5624 Monastarium

53 5653 157 5728 gesto
167 5649 319 5728 ejusdem
330 5652 441 5727 Papo.
458 5645 776 5728 [Additoawmum]
918 5649 1156 5721 saviliacense,
1171 5667 1274 5713 unum
1292 5651 1548 5718 morabatinum.
