3968 6296
279 344 338 410 cal

314 509 553 573 Monasterinm
569 511 681 574 Sancti
704 512 874 575 Francisci
893 514 1072 591 Pragensis

274 607 469 668 monialium
501 609 718 684 inclusarum,
752 609 924 673 dimidium
956 611 1073 674 bisan-

275 703 369 765 tium.

895 353 1072 416 HONORII
1094 353 1139 414 111
1160 351 1308 416 OPERA.

1866 341 1930 420 532

1166 513 1404 578 Monasterinm
1429 514 1464 576 in
1487 515 1593 585 Mure,
1614 531 1717 576 unum
1736 515 1928 580 marabuti-

1127 627 1216 672 num.

1165 708 1313 770 Ecclesia
1324 710 1436 774 Sancti
1444 710 1580 773 Martini
1590 710 1630 773 11
1641 711 1809 786 Winchat,
1823 729 1930 773 unum

313 801 462 864 Ecclesia
485 804 762 881 Huisegradensis
784 807 819 868 in
843 823 945 884 regno
964 808 1074 870 Bohe-
1126 807 1385 869 marabutinum.

274 899 361 972 miae,
374 901 394 962 5
409 901 632 966 saracenatos.

315 997 352 1058 ln
366 998 558 1076 episcopatu
570 1001 784 1064 Morariensi.

316 1095 353 1154 In
368 1094 560 1174 episcopatu
582 1097 782 1162 Ebistetensi
807 1122 814 1162 :
835 1103 1073 1164 Monasterinm

274 1190 311 1251 in
326 1193 480 1267 Castelle,
495 1211 596 1257 unum
609 1197 866 1267 marabutinum.

313 1291 552 1354 Monasterinm
579 1296 708 1358 Sanctae
727 1297 843 1359 Mariae
865 1299 901 1359 in
925 1299 1071 1372 ahusen,

277 1403 379 1448 unum
393 1390 649 1453 marabotinum.

318 1487 557 1565 Inepiscopatu
567 1490 819 1569 Herbipolensi:
835 1494 1073 1556 Monasterinm

275 1585 505 1658 Brunnehach,
520 1603 657 1650 aureum
672 1606 784 1651 unum.

317 1684 355 1742 In
386 1683 577 1762 episcopatu
608 1688 852 1751 constantiensi
878 1710 886 1752 ι
911 1690 1075 1752 Μο11111

275 1779 363 1840 rium
378 1783 534 1856 Burense,
552 1800 654 1846 unum
669 1786 924 1850 marabutinum.

316 1880 363 1938 De
377 1877 519 1954 allodio,
536 1879 593 1958 ipui
615 1885 753 1945 vocatur
767 1886 858 1948 Cella
878 1887 991 1950 Sancti
1005 1889 1073 1949 Pe-

274 1974 329 2048 tri,
347 1991 449 2037 unum
464 1978 719 2042 marabutinum.

314 2075 552 2138 Monasterinm
575 2079 812 2156 Wiheligense,
837 2097 940 2144 unum
963 2097 1076 2145 mara-

278 2166 439 2246 butinum,
457 2174 528 2235 siro
539 2173 719 2239 bisantium
732 2193 881 2240 aureum.

315 2269 553 2332 Monasterinm
573 2272 746 2348 Blaburra,
767 2292 868 2338 unum
890 2277 1073 2340 marabuti-

275 2380 366 2426 num.

316 2465 556 2528 Monasterinm
568 2470 950 2547 zueveltunense,unum
960 2491 1074 2536 mara-

276 2560 439 2625 butinam.

315 2662 362 2722 De
376 2660 517 2736 allodio,
535 2664 591 2742 qui
603 2667 741 2728 vocatur
754 2667 957 2744 asnebeum,
971 2686 1074 2732 unum

275 2757 533 2822 marabutinum.

315 2856 464 2920 Ecclesia
477 2860 590 2922 Sancti
603 2862 783 2936 Benedicti,
799 2879 901 2926 unum
916 2864 1075 2927 marabu-

274 2954 392 3015 tinum.

314 3053 463 3116 Ecclesia
488 3055 601 3118 Sancti
620 3057 756 3119 Martini
777 3059 818 3120 de
836 3060 948 3133 Butro,
972 3076 1074 3122 unum

278 3149 539 3214 marabutinum.

316 3248 465 3310 Ecclesia
486 3251 615 3313 Sanctae
639 3253 755 3316 Mariae
771 3253 806 3315 in
828 3255 901 3333 ripa
926 3255 1074 3319 fluminis

279 3346 433 3421 Danubii,
448 3363 550 3410 unum
564 3349 822 3413 marabutinum.

317 3444 465 3508 Ecclesia
483 3445 523 3507 11
544 3448 655 3510 Μο111
669 3448 864 3526 anglorum,
881 3466 981 3513 unam
1000 3468 1075 3515 mo-

277 3542 387 3604 netam
402 3544 487 3604 auri.

316 3641 464 3703 Ecclesia
486 3641 521 3702 in
537 3645 651 3718 augea
668 3657 782 3720 parra,
801 3659 904 3706 unum
919 3645 1077 3708 marabu-

275 3735 401 3810 tinum.

318 3834 556 3898 Monasterinm
567 3836 715 3913 Agnetis,
729 3839 750 3898 2
763 3827 1077 3916 1110111101111-

274 3934 345 3995 tum
369 3933 614 4010 epistolarium,
642 3935 675 3998 11
707 3937 1014 4008 sacramentarium,
1043 3939 1076 4001 et

277 4031 550 4108 evangeliarium.

316 4130 464 4192 Ecclesia
476 4131 511 4192 in
524 4133 626 4204 Roca,
640 4147 742 4193 unum
757 4132 1012 4196 marabotinum.

314 4228 553 4291 Monasterinm
575 4229 611 4290 in
632 4231 816 4307 Bregance,
840 4247 942 4293 unum
963 4246 1076 4293 mara-

275 4325 438 4388 butinum.

316 4424 554 4487 Monasterinm
573 4425 610 4485 in
625 4425 727 4499 Isnin,
746 4426 1073 4488 1111111011011-

277 4521 453 4584 tantiensis
466 4521 617 4583 monetae.

316 4618 554 4680 Monasterinm
569 4619 607 4681 in
618 4620 781 4696 Wingart,
798 4635 900 4681 unum
917 4619 1075 4682 marabu-

276 4715 395 4777 tinum.

316 4813 554 4875 Monasterinm
566 4813 600 4874 in
612 4814 837 4878 Suartzwaldr
848 4815 960 4877 Sancti
970 4817 1078 4878 (1101-

278 4908 336 4983 gii,
352 4924 453 4968 unum
468 4910 725 4972 marabutinum.

318 5005 557 5066 Monasterinm
571 5007 607 5066 in
625 5006 840 5083 alpersbach,
855 5024 957 5069 unum
970 5025 1077 5071 mara-

277 5101 439 5163 butinum.

317 5200 407 5261 Cella
424 5199 552 5261 Sanctae
561 5198 686 5272 Mariae,
699 5199 817 5260 stolam
830 5200 970 5277 singulis
979 5203 1077 5265 bien-

277 5297 354 5358 niis.

317 5395 554 5456 Monasterinm
578 5394 689 5456 Sancti
712 5395 825 5468 Blasii,
842 5413 944 5458 unum
960 5415 1074 5460 mara-

279 5493 442 5554 butinum.

316 5590 555 5654 Monasterinm
576 5591 610 5652 in
627 5591 816 5666 Stallrusen,
831 5609 929 5655 unam
943 5595 1075 5657 nnciam

278 5705 363 5751 aum.

1166 904 1314 967 Ecclesia
1317 949 1403 967 .......
1419 907 1584 969 3anreos.

1166 1002 1337 1081 Hospitale
1352 1002 1393 1065 de
1407 1004 1503 1066 Tbun
1506 1048 1592 1065 .......
1608 1020 1711 1066 unum
1723 1021 1878 1068 aureum.

1167 1100 1204 1160 In
1237 1101 1429 1178 episcopatu
1463 1101 1649 1164 curiensi:
1685 1103 1930 1164 Monasterinm

1129 1198 1258 1260 Sanctae
1281 1200 1397 1262 Mariae
1418 1199 1453 1260 in
1474 1199 1597 1273 Monte,
1612 1215 1714 1260 unum
1737 1199 1929 1261 marabuti-

1128 1311 1219 1356 num.

1167 1395 1205 1455 In
1216 1394 1408 1472 episcopatu
1417 1395 1671 1472 argentinensi:
1685 1395 1932 1459 Monasterinm

1129 1491 1325 1552 Sanctorum
1336 1492 1482 1571 Philippi
1492 1494 1525 1556 ot
1535 1495 1554 1558 J
1556 1492 1650 1555 acobi
1662 1494 1696 1556 in
1710 1493 1802 1556 Silva
1812 1495 1932 1567 Sacra,

1128 1604 1230 1650 unum
1244 1588 1499 1652 marabutinum.

1168 1687 1406 1750 Monasterinm
1425 1688 1620 1751 Monialium
1640 1689 1675 1750 in
1688 1687 1934 1762 1111111111)-

1128 1784 1196 1848 tilis
1211 1785 1312 1863 panni
1325 1785 1406 1849 linei
1420 1787 1593 1850 annuatim
1604 1788 1645 1849 25
1656 1787 1764 1849 ulnas.

1168 1883 1421 1958 Monasterinm,
1443 1885 1529 1963 quod
1549 1885 1670 1947 dicitur
1686 1883 1929 1962 Hugeshoven,

1129 1995 1231 2040 unum
1243 1979 1499 2044 marabutinum.

1168 2077 1315 2140 Ecclesia
1352 2081 1480 2142 Sanctae
1515 2079 1716 2158 (tualpurgis
1749 2079 1791 2141 11
1826 2079 1935 2140 Sacra

1130 2176 1232 2250 Silva,
1246 2193 1348 2239 unum
1362 2176 1619 2239 marabutinum.

1168 2276 1206 2336 In
1221 2275 1414 2352 episcopatu
1437 2275 1586 2353 Spirensi
1601 2297 1608 2336 :
1623 2274 1772 2337 Ecclesia
1796 2275 1934 2335 Sanctae

1128 2371 1244 2433 Mariae
1258 2371 1355 2449 jnxta
1367 2371 1482 2434 villam
1495 2371 1720 2444 Nocbtenein,
1737 2385 1841 2432 unam
1865 2387 1934 2431 un-

1128 2469 1214 2531 ciam
1229 2469 1314 2530 auri.

1167 2565 1406 2629 Monasterinm
1420 2566 1460 2630 11
1474 2565 1717 2643 wigolthberg,
1733 2581 1841 2628 unum
1861 2580 1935 2626 ma-

1128 2664 1330 2726 rabutinum.
1395 2690 1399 2698 ·

1168 2761 1407 2824 Monasterinm
1426 2761 1462 2821 in
1483 2760 1674 2838 Hirsaugia,
1696 2776 1801 2822 unum
1822 2775 1933 2822 mara-

1128 2858 1292 2921 butirum.

1168 2951 1408 3020 Monasterinm
1430 2956 1467 3018 in
1491 2955 1700 3029 Gotesbowc,
1724 2970 1831 3016 unum
1862 2955 1934 3034 spi-

1129 3055 1239 3116 rensis
1253 3055 1405 3116 monetae.

1169 3152 1317 3215 Ecclesia
1329 3151 1443 3214 Sancti
1457 3151 1639 3224 Pancratii,
1654 3151 1693 3212 12
1705 3150 1893 3228 spirenses.

1169 3252 1207 3312 In
1229 3249 1421 3328 episcopatu
1434 3247 1698 3310 wormatiensi:
1721 3247 1878 3310 Ecclesia
1900 3249 1933 3310 in

1128 3351 1254 3426 agene,
1271 3362 1374 3408 unum
1388 3345 1646 3408 marabotinum.

1169 3447 1207 3508 ln
1222 3445 1414 3522 episcopatu
1426 3443 1600 3507 verdensi.

1169 3545 1207 3604 In
1223 3540 1415 3620 episcopatu
1428 3539 1644 3602 Ildesemensi
1662 3539 1932 3602 :Monasterinm

1131 3642 1328 3703 Sanctorum
1339 3638 1508 3701 anastasii
1519 3639 1551 3701 et
1564 3635 1762 3709 Innocentii,
1774 3636 1884 3699 situm
1899 3637 1932 3697 in

1130 3736 1346 3799 (1111111111
1365 3736 1499 3799 tenetur
1512 3735 1668 3796 Ecclesiae
1683 3737 1847 3795 Romanae
1871 3735 1934 3794 sin-

1129 3835 1220 3911 gulis
1229 3835 1328 3896 annis
1342 3833 1378 3894 in
1396 3832 1523 3896 duabus
1532 3832 1631 3894 stolis
1647 3830 1793 3908 pretioso
1809 3831 1932 3902 serico,

1129 3933 1248 3994 etcum
1262 3930 1433 3992 aurifrisio
1448 3929 1624 3992 contextis.
1640 3930 1678 3991 In
1696 3927 1815 4006 quibus
1831 3929 1935 3990 30111-

1129 4029 1231 4092 santii
1237 4028 1416 4091 aurolrisio
1424 4028 1573 4089 contexti
1584 4026 1705 4089 debent
1714 4041 1787 4088 esse
1798 4026 1931 4088 inserti.

1169 4131 1207 4190 In
1223 4127 1415 4205 episcopatu
1437 4124 1658 4187 albestatensi
1676 4122 1880 4186 :abbatissa
1896 4125 1934 4185 11

1130 4221 1326 4298 Quintilingi
1340 4223 1461 4296 Burgo,
1478 4235 1580 4281 unam
1594 4218 1715 4280 libram
1728 4220 1880 4293 argenti.

1168 4319 1407 4383 Monasterinm
1435 4317 1548 4379 Sancti
1571 4316 1692 4377 ciriaci
1719 4316 1933 4378 deecclesia

1130 4418 1243 4482 Sancti
1259 4416 1412 4489 Servatii,
1429 4417 1462 4480 et
1476 4414 1516 4477 11
1529 4413 1738 4487 (1110111111,
1757 4415 1777 4474 2
1796 4430 1931 4476 marcas

1130 4517 1270 4594 argenti.

1169 4615 1317 4677 Ecclesia
1332 4612 1373 4675 11
1389 4610 1555 4684 Stendale,
1571 4625 1672 4672 unam
1688 4609 1824 4670 unciam
1844 4609 1928 4670 anri.

1168 4711 1316 4773 Ecclesia
1328 4710 1440 4773 Sancti
1453 4707 1598 4772 Servatii
1610 4706 1932 4782 Qnidilinburgben-

1130 4810 1187 4882 sis,
1198 4811 1219 4869 2
1230 4823 1360 4870 marcas
1373 4807 1513 4884 argenti.

1168 4905 1343 4968 abbatissa
1358 4903 1593 4972 Gerondensis,
1608 4905 1629 4963 2
1643 4901 1928 4978 marcas-argenti.

1169 5003 1317 5065 Ecclesia
1353 5003 1467 5064 Sancti
1502 4999 1635 5077 Georgii
1666 4999 1702 5060 in
1728 4998 1926 5076 Bakelinge,

1130 5117 1233 5162 111111
1246 5115 1395 5160 aureum.

1170 5200 1207 5260 ln
1231 5197 1423 5276 episcopatu
1448 5193 1728 5281 Ρ11111110111111
1758 5193 1930 5256 Monaste-

1131 5297 1217 5357 rium
1244 5295 1357 5357 Sancti
1385 5295 1475 5356 Petri
1508 5295 1543 5356 in
1575 5292 1927 5362 Helmwardesbusen,

1130 5409 1233 5455 unum
1248 5391 1504 5454 marabotinum.

1170 5493 1207 5552 ln
1230 5489 1421 5568 episcopatu
1443 5489 1691 5566 Bambergensi,
1718 5487 1774 5566 qui
1797 5487 1928 5548 11110-

1130 5587 1212 5650 mini
1226 5591 1326 5665 Papae
1338 5610 1346 5649 :
1360 5589 1540 5665 Episcopus
1558 5587 1628 5665 ipse
1646 5585 1852 5666 palafredum
1873 5583 1926 5644 al-

1130 5685 1208 5747 bum
1228 5703 1302 5748 cnm
1320 5687 1414 5760 sella,
1426 5685 1479 5748 111
1496 5687 1533 5748 12
1546 5701 1676 5749 marcas
1690 5683 1770 5748 boni
1785 5681 1927 5759 argenti.
