4122 6308
281 300 339 362 951
745 301 922 370 HONORII
944 307 989 368 111
1011 305 1159 371 OPERA.
1176 337 1214 354 -
1231 304 1469 374 SERMONES.
1868 307 1930 372 952

283 456 547 537 iaaqnamtaais
555 458 640 542 (Act.
652 461 743 546 n,l),
757 463 853 539 idest,
862 464 983 528 radioli
991 465 1081 544 ignei
1135 467 1930 546 temPosipotesiatemnecessariaestsoluntas

281 556 318 618 in
339 557 472 620 modum
492 557 693 636 linguarum,
714 561 897 625 insidentes
917 560 1081 641 capitibus
1135 564 1219 627 bene
1233 565 1404 644 operandi,
1418 565 1496 643 quia
1511 579 1628 628 servus
1640 565 1932 629 damnabaris-lin·-

283 670 409 716 eorum.
429 655 513 726 Quid
531 656 749 733 intelligimus
766 675 826 737 per
846 660 993 736 linguam
1011 661 1076 723 nisi
1131 662 1232 736 minc,
1247 663 1403 740 quianon
1417 661 1931 742 rultoperaridetalentooom·

284 751 589 828 sapientialeuid
596 755 782 831 perignem,
792 757 1077 820 nisicharitatemt
1132 759 1247 821 misso.

283 849 331 910 De
351 849 515 926 sapientia
536 849 658 913 dicitur
678 852 714 913 in
734 853 923 915 Proverbiis
947 875 955 915 :
979 859 1078 929 Aqua
1171 851 1336 934 Deprlmo
1350 853 1484 934 legitur,
1507 854 1606 936 quod,
1622 858 1703 921 lesu
1716 853 1882 936 napdiaio
1896 855 1934 919 et·

281 947 1078 1022 moflandavertaeeoreviei,eiiorrenainnn»
1131 953 1938 1032 orante,aponumesacoelam,naesoanntspi-

285 1044 371 1104 dans
393 1045 471 1117 sons
495 1046 677 1119 sapientiae
705 1046 815 1121 (Prov.
837 1061 932 1121 xrrn,
956 1047 1001 1129 i).
1031 1051 1077 1110 De
1131 1050 1214 1112 ritus
1230 1051 1370 1112 Sanctus
1389 1049 1423 1112 in
1442 1051 1551 1129 ipsum
1570 1047 1734 1128 corporali
1750 1048 1871 1130 specie,
1886 1047 1931 1112 sl·

285 1137 447 1201 charitate
458 1140 506 1202 ait
520 1141 678 1204 Dominus
691 1141 726 1204 in
739 1145 940 1221 Evangelio:
957 1149 1078 1222 Ignem
1131 1147 1187 1208 cui
1200 1147 1363 1220 columba,
1375 1147 1407 1210 et
1418 1160 1485 1210 vox
1497 1145 1606 1210 Patris
1617 1145 1780 1210 intonuit:
1796 1151 1864 1211 Hic
1875 1147 1930 1210 est

284 1237 365 1298 aeni
387 1237 527 1300 mittere
540 1242 578 1300 in
592 1241 738 1314 temera,
759 1241 887 1316 etquid
904 1247 988 1316 voto,
1009 1247 1078 1304 nisi
1130 1247 1241 1306 Fitias
1251 1243 1630 1321 noannoeane
1640 1247 1726 1308 miti
1739 1249 1821 1308 bene
1835 1259 1931 1308 cona

283 1333 323 1394 nt
336 1333 582 1414 ardeati(1.uc.
595 1337 729 1418 mlii).
746 1339 985 1404 Intervirtutos
997 1340 1079 1402 cha·
1129 1338 1487 1420 ptacaitMattb.xv11,
1505 1339 1551 1422 5).
1572 1343 1619 1404 De
1635 1341 1779 1406 seeundo
1791 1342 1928 1419 legitur,

285 1429 370 1492 ritas
385 1431 436 1493 θεῖ
454 1433 633 1510 praecipua,
649 1437 683 1497 θῖ
702 1436 789 1499 inter
803 1438 890 1500 dona
905 1439 1014 1516 prima
1028 1438 1079 1500 est
1132 1439 1219 1516 quod
1233 1455 1308 1500 cum
1318 1443 1416 1503 iesus
1431 1439 1571 1502 dixisset
1583 1439 1759 1518 apostolis,
1778 1453 1854 1515 pace
1867 1455 1932 1502 vo·

286 1527 461 1605 sapientia.
478 1530 630 1593 Charitas
644 1533 733 1595 enim
749 1535 905 1599 informat
918 1537 1031 1610 vitam,
1046 1539 1079 1599 et
1132 1540 1192 1611 bis,
1216 1535 1415 1606 insufflavit,
1436 1536 1471 1599 θῖ
1490 1537 1539 1599 ait
1558 1557 1566 1598 :
1588 1537 1738 1612 Accipite
1757 1539 1932 1612 Spiritum

286 1624 449 1702 sapientia
462 1625 618 1690 informat
631 1630 825 1695 doctrinam.
840 1635 919 1706 Qum
933 1633 999 1696 dno
1015 1634 1077 1696 de·
1131 1633 1307 1707 Sanctam,
1322 1648 1470 1709 quierem
1482 1634 1691 1696 remiseritis
1700 1635 1855 1708 peccata,
1869 1647 1932 1696 re-

285 1718 366 1782 bent
379 1737 453 1784 θεεθ
467 1723 503 1784 in
517 1725 745 1801 praedicatore,
764 1730 881 1793 utnon
896 1731 1002 1794 solum
1018 1733 1080 1793 do-
1131 1731 1321 1792 mittnntnr
1334 1735 1394 1814 eis,
1411 1732 1445 1794 et
1456 1747 1605 1807 qnorum
1621 1731 1848 1803 retinueritis,
1863 1746 1933 1792 re-

286 1818 361 1879 ceat
378 1819 491 1892 verbo,
514 1822 572 1883 sod
590 1825 753 1903 exemplo.
774 1827 857 1899 Quia
872 1845 938 1891 non
958 1829 1079 1891 sulflcii
1133 1828 1229 1890 tento
1240 1829 1322 1890 suni
1336 1826 1446 1908 (ioan.
1461 1845 1519 1900 xx,
1533 1826 1596 1900 23).
1614 1830 1660 1890 Ι)θ
1674 1827 1772 1890 tertio
1786 1843 1866 1890 sero
1878 1827 1932 1889 le·

181 2005 187 2012 ¹
285 1915 498 1992 praedicatori
527 1918 650 1983 habere
673 1925 861 2002 exemplum
888 1926 977 2000 vitae,
1006 1926 1078 1989 sine
1132 1925 1236 2001 gitur,
1265 1924 1350 2003 quod
1373 1942 1392 1986 e
1416 1925 1523 1988 iactus
1545 1925 1597 1988 est
1618 1925 1754 2002 repente
1777 1924 1817 1986 de
1840 1925 1929 1988 (nelo

286 2011 388 2074 verbo
401 2013 572 2090 doctrinae,
588 2018 667 2094 quia
682 2036 783 2083 unum
800 2023 873 2084 sine
887 2024 992 2087 altero
1007 2039 1080 2087 ωο-
1133 2037 1278 2097 «sonus,
1297 2023 1465 2102 tamquam
1484 2023 1693 2085 advenientis
1709 2021 1847 2100 spiritus
1864 2037 1929 2083 ve·

285 2107 395 2172 dicum
406 2111 504 2173 valet.
517 2114 640 2178 Ardeat
653 2117 756 2193 igitur
773 2119 860 2196 ignis
875 2121 909 2181 in
921 2121 1032 2194 corde,
1044 2125 1079 2184 ut
1133 2119 1339 2193 chementis,
1361 2121 1395 2182 et
1417 2120 1557 2198 replerit
1578 2119 1681 2182 tetam
1700 2119 1852 2191 domum,
1870 2117 1934 2179 nbi

286 2203 399 2281 lingua
421 2223 567 2284 congrue
585 2211 749 2276 doceatin
763 2231 832 2277 ore.
852 2217 937 2279 Nam
956 2233 1078 2296 pecca-
1132 2217 1261 2279 «erant
1282 2218 1443 2280 sedentes.
1466 2219 1506 2279 Et
1526 2217 1752 2294 apparuerunt
1770 2215 1843 2277 illis·
1857 2215 1931 2276 dis·-
2003 2289 2007 2295 ¹

285 2301 353 2363 wli
366 2303 451 2366 dixit
464 2307 572 2368 Deus:
587 2310 699 2374 onore
714 2311 752 2372 tu
765 2317 1079 2387 enarrasjastitios
1132 2313 1294 2392 «partitae
1309 2315 1443 2391 linguae,
1463 2315 1631 2392 tamquam
1654 2311 1753 2390 ignis,
1778 2311 1930 2389 seditque

286 2413 395 2474 meas,
416 2403 450 2464 et
461 2408 612 2468 meantis
628 2407 872 2472 testamentum
887 2427 1003 2475 :nenne
1012 2427 1080 2489 per
1132 2427 1151 2471 e
1167 2427 1266 2488 super
1280 2412 1428 2487 singulos
1437 2427 1564 2474 eorum.
1575 2427 1594 2471 a
1604 2411 1716 2472 Prima
1726 2409 1839 2472 missio
1852 2409 1937 2486 spi-

287 2511 326 2558 0⁸
341 2497 460 2560 ‘uum'
475 2499 544 2580 (Ps.
560 2503 610 2576 49,
625 2503 690 2584 16.)
1133 2507 1217 2570 ritus
1231 2507 1343 2570 Sancti
1366 2507 1453 2571 iacta
1476 2511 1527 2570 est
1547 2508 1582 2569 in
1593 2507 1768 2585 baptismo,
1782 2503 1930 2568 secunda

327 2595 471 2672 Spiritus
496 2601 636 2663 Sanctus
657 2618 736 2680 ergo
760 2605 884 2670 eilbsus
909 2607 1080 2686 estsuper
1133 2605 1169 2667 in
1193 2605 1449 2678 resurrectione,
1473 2605 1572 2668 tertia
1598 2605 1634 2666 in
1662 2605 1866 2667 Pentecoste.
1889 2604 1930 2663 ln

286 2693 461 2768 Apostolos
476 2695 510 2756 tn
528 2697 635 2774 igneis
647 2699 781 2777 linguis,
793 2703 829 2764 in
839 2719 903 2781 quo
912 2704 1080 2781 figuraba-
1133 2704 1240 2780 prima
1271 2703 1430 2765 missione
1464 2702 1577 2764 audita
1608 2702 1660 2764 θεῖ
1686 2716 1752 2764 vox
1778 2699 1887 2762 Patris
1920 2715 1930 2760 :

287 2789 353 2860 tur,
370 2791 448 2867 quia
463 2794 606 2870 Spiritus
624 2799 764 2860 Sanctus
779 2816 861 2877 quos
880 2802 1077 2880 repleverat,
1132 2801 1228 2861 «llic
1248 2800 1299 2862 est
1312 2799 1417 2862 Filius
1436 2815 1528 2861 meus
1548 2797 1687 2861 dilectus
1710 2797 1745 2859 in
1766 2811 1830 2874 quc
1845 2795 1932 2857 mibi

287 2881 367 2947 iecit
380 2889 534 2953 ardentes
548 2893 584 2953 in
597 2893 769 2970 charitate,
787 2899 820 2960 θῖ
837 2898 1029 2976 eloquentes
1044 2900 1078 2961 in
1132 2914 1151 2958 e
1165 2896 1249 2959 bene
1259 2897 1454 2975 complacui.
1466 2913 1485 2957 ε
1499 2898 1534 2958 ln
1548 2895 1692 2957 secunda
1704 2893 1862 2955 missione
1872 2909 1936 2955 an·

286 2996 454 3063 sermone3
477 2987 557 3051 lacit
575 2991 728 3055 ardentes
747 2995 783 3055 in
801 2995 983 3072 oberitate;
1000 2997 1078 3074 quid
1133 2995 1237 3056 ditum
1252 2996 1303 3056 est
1317 2994 1455 3057 verbum
1472 2993 1549 3055 Filii
1563 3014 1571 3054 ε
1586 2991 1762 3069 «Accipite
1770 2991 1930 3068 Spiritum

286 3080 338 3142 est
359 3081 506 3146 charitas
520 3086 587 3148 nisi
607 3093 723 3151 amori
736 3094 784 3153 De
800 3108 865 3169 qua
879 3093 1076 3172 Apostolus:
1133 3109 1151 3152 s
1168 3093 1334 3154 Sanctum.
1349 3093 1493 3164 Quorum
1506 3089 1703 3152 remiseritis
1715 3087 1861 3165 peccata,
1872 3102 1937 3148 re-

284 3179 378 3242 Deus
392 3183 546 3244 caerites
559 3186 610 3246 est
632 3185 661 3265 (l
679 3189 698 3248 J
700 3203 774 3248 oan.
792 3190 845 3261 1v,
863 3189 927 3270 16).
944 3192 984 3254 nt
997 3191 1078 3252 alibi
1133 3206 1151 3249 s
1166 3189 1340 3250 mittuntur
1353 3187 1414 3250 eis.
1429 3203 1448 3248 a
1463 3189 1501 3248 ln
1515 3186 1612 3249 tertia
1624 3185 1782 3247 missione
1795 3183 1934 3246 auditus

286 3274 394 3336 idem:
411 3279 570 3342 Charitas
583 3284 648 3344 Dei
658 3285 786 3359 diffusa
805 3287 857 3348 θεῖ
871 3290 909 3349 in
921 3291 1080 3352 carana:
1133 3285 1183 3348 θεῖ
1197 3301 1298 3347 sonus
1314 3284 1467 3362 Spiritus,
1480 3283 1568 3361 quia,
1583 3283 1720 3346 stactus
1732 3282 1783 3344 est
1793 3281 1932 3357 repento

284 3373 416 3436 nostris
430 3379 680 3453 perspiritum
699 3383 875 3456 Sanctum,
891 3383 958 3463 {qni
977 3387 1080 3449 datas
1133 3383 1207 3445 ‹de
1221 3381 1304 3444 coelo
1323 3397 1424 3444 sonus
1442 3382 1609 3459 tamquam
1628 3377 1834 3442 advenientis
1859 3377 1933 3454 spi-

285 3471 446 3534 esinatis
459 3471 569 3553 (Rom.
585 3494 618 3550 r,
634 3475 679 3557 5).
696 3480 898 3544 Facitetiam
913 3482 1078 3562 eloquen-
1132 3481 1251 3542 «ritus
1274 3477 1491 3542 vehementis.
1515 3495 1534 3539 a
1555 3479 1593 3540 ln
1614 3478 1678 3540 bac
1700 3491 1780 3552 ergo
1802 3474 1932 3552 triplici

285 3565 337 3627 ῖθε
351 3567 386 3628 in
409 3585 572 3644 sermone,
599 3574 688 3650 quia,
709 3591 784 3638 curn
800 3579 949 3654 apostoli
969 3581 1080 3642 essent
1133 3577 1292 3640 missione
1302 3575 1415 3638 audita
1427 3575 1548 3637 estvox
1559 3557 1931 3647 Patrisrerbumltilii,

285 3663 408 3738 idioiae,
425 3667 533 3729 subito
543 3676 743 3748 acceperunt
751 3689 882 3735 omnem
893 3675 1077 3749 scientiam,
1133 3676 1166 3736 et
1186 3689 1288 3736 sonus
1312 3672 1471 3750 Spiritus,
1496 3671 1533 3733 ut
1552 3687 1612 3749 per
1634 3670 1698 3732 boc
1719 3667 1931 3740 ostendatur,

286 3759 320 3820 θῖ
329 3762 475 3822 omnium
486 3763 675 3840 linguarum
687 3769 850 3830 notitiam.
861 3770 955 3832 Unde
969 3772 1004 3832 in
1014 3775 1080 3834 Aa·
1133 3770 1219 3848 quod
1232 3770 1418 3831 Paraclitus
1432 3769 1495 3830 iste
1505 3769 1627 3830 missus
1636 3767 1687 3830 est
1696 3765 1931 3844 spiritualiter,

286 3855 374 3917 tibus
383 3858 631 3935 Apostolorum:
648 3866 856 3942 ‹Coeperunt
870 3867 960 3946 loqui
975 3869 1079 3932 variis
1133 3882 1200 3929 non
1228 3866 1375 3928 salumn
1404 3867 1502 3928 Patre
1524 3866 1557 3928 et
1580 3865 1677 3937 Filio,
1702 3864 1759 3925 sed
1783 3863 1883 3925 etiam
1908 3877 1931 3924 a

288 3951 422 4032 linguis,
436 3959 534 4035 prout
549 3960 693 4038 Spiritus
706 3965 846 4026 Sanctus
858 3965 956 4028 dabat
968 3967 1079 4045 eloqui
1134 3964 1254 4042 seipso,
1271 3962 1349 4041 quia
1363 3961 1507 4024 indivisa
1523 3962 1601 4024 sunt
1612 3976 1712 4038 opera
1724 3959 1907 4022 Trinitatis.

286 4050 365 4114 illis.
381 4051 498 4133 atrici.
514 4071 550 4129 n,
573 4057 620 4137 4.)
632 4060 724 4123 Unde
736 4059 772 4122 in
787 4063 967 4140 Evangelio
982 4069 1079 4128 :Non
1174 4055 1933 4134 Indieautemnostraeresurreetionis,quando

284 4153 380 4213 enim
391 4167 452 4214 vos
463 4154 557 4228 estis,
573 4159 632 4231 qni
647 4161 835 4233 loquimini,
850 4163 911 4222 sed
932 4163 1080 4237 spiritns
1134 4158 1315 4222 secundum
1326 4157 1457 4228 isaiam,
1472 4155 1660 4218 effundetur
1672 4169 1842 4232 supernos
1853 4153 1935 4230 Spi-

284 4249 407 4311 Patris
420 4252 540 4325 vestri,
551 4257 610 4328 qai
624 4257 775 4331 quitw
789 4259 826 4318 tn
838 4259 932 4322 vobis
947 4255 1077 4340 (Matth.
1133 4257 1218 4319 ritus
1228 4257 1269 4318 de
1278 4254 1421 4326 excelso,
1432 4253 1574 4331 Spiritus
1581 4251 1934 4331 apparebitsuperom·

286 4361 320 4418 ¹,
336 4343 403 4426 20)·
1134 4369 1194 4416 nes
1203 4353 1308 4415 bonos
1318 4351 1354 4412 in
1365 4350 1472 4428 igneis
1488 4349 1622 4425 linguis,
1634 4348 1712 4426 quia
1726 4346 1805 4410 boni
1818 4345 1934 4408 lauda

325 4445 514 4507 Notandum
528 4448 579 4509 est
590 4450 712 4522 autem,
724 4450 810 4528 quod
822 4451 966 4529 Spiritus
980 4455 1080 4516 Sanc·
1133 4447 1527 4526 buntDsuminperiectis
1537 4445 1722 4508 actionibus
1732 4445 1931 4522 gratiarum.

286 4542 340 4604 tus
363 4543 399 4605 in
415 4543 539 4622 triplici
568 4547 678 4624 specie
701 4547 823 4624 legitur
848 4564 922 4611 θεεθ
945 4550 1077 4612 missus.
1133 4551 1219 4612 Nam
1244 4547 1352 4623 igneae
1378 4545 1502 4622 linguae
1528 4543 1708 4606 secundum
1731 4542 1934 4620 anagogiam

285 4641 410 4716 Primo,
439 4642 606 4717 videlicet,
635 4644 670 4706 in
691 4643 854 4718 columba,
876 4647 1021 4710 secundo
1044 4649 1079 4708 in
1134 4645 1323 4722 significant
1347 4642 1465 4704 laudes
1491 4642 1681 4704 sanctorum
1702 4641 1735 4702 et
1755 4639 1935 4702 bonorum.

286 4737 377 4811 ttatu,
402 4739 500 4803 tertio
515 4740 625 4802 autom
642 4741 678 4803 in
693 4740 780 4818 igne.
801 4743 946 4805 Necesse
960 4741 1025 4805 init
1043 4744 1080 4805 ut
1135 4741 1277 4821 Spiritus
1289 4739 1591 4802 administratorias
1606 4739 1657 4800 est
1670 4736 1808 4815 quilibet
1827 4751 1937 4812 ange-

286 4832 360 4896 istis
372 4835 477 4898 tribus
495 4839 601 4900 modis
618 4838 805 4902 mitteretur
817 4840 961 4918 Spiritus
975 4843 1081 4903 Sanc-
1133 4841 1185 4902 lus
1198 4839 1316 4911 bonus,
1332 4837 1389 4916 qui
1403 4837 1546 4900 mittitur
1559 4837 1594 4898 in
1609 4833 1834 4898 ministerium
1846 4848 1936 4896 nos·-

285 4927 340 4990 tus
363 4931 563 4997 bominibus.
594 4939 631 4998 ln
654 4936 807 4998 columba
832 4939 922 5000 enim
946 4940 1080 5001 notatur
1133 4940 1194 5001 trae
1210 4936 1337 4998 salutis.
1362 4935 1455 4998 Unde
1469 4934 1647 5012 apostolus
1661 4931 1741 4995 dicit
1759 4932 1800 4995 de
1820 4947 1932 5008 ange-

286 5025 427 5102 boniias,
441 5028 477 5091 in
498 5030 581 5093 flatu
603 5033 761 5110 potestas,
778 5034 812 5094 in
827 5034 904 5111 igne
919 5034 1079 5112 operandi
1133 5035 1175 5096 lis
1196 5055 1205 5096 :
1230 5037 1355 5097 Omnes
1372 5030 1455 5094 anni
1471 5030 1764 5093 administratorii
1785 5029 1934 5105 spiritns

286 5125 451 5188 voluntas.
472 5127 583 5191 Primo
598 5146 735 5192 necesse
749 5131 808 5204 est,
824 5131 861 5192 nt
877 5132 964 5195 adsit
982 5131 1080 5195 boni·
1134 5137 1171 5196 tn
1191 5133 1425 5194 ministerium
1438 5132 1537 5192 missi
1546 5130 1695 5204 propter
1707 5141 1775 5199 eos,
1791 5129 1935 5201 amaa-

285 5224 350 5297 tas,
373 5227 549 5303 antequam
575 5227 671 5290 detur
700 5229 863 5306 potestas,
889 5229 967 5306 quia
1000 5229 1080 5293 dicit
1133 5230 1318 5293 rectitatent
1332 5226 1605 5302 captnntsaiatts
1620 5224 1770 5305 (lichni,
1784 5222 1935 5303 ll).om·

286 5321 560 5384 Ecclesiasticus:
579 5328 658 5387 Noti
672 5341 829 5401 querere
856 5327 936 5400 iteri
953 5330 1077 5399 judea,
1135 5344 1193 5390 nes
1219 5325 1331 5402 angeli
1359 5325 1437 5386 sunt
1471 5322 1607 5401 spiritus
1635 5319 1934 5392 administratorii,

287 5424 356 5483 nisi
367 5423 479 5496 pessi:
497 5422 628 5483 virtute
643 5425 841 5499 irrumpere
855 5427 893 5486 in
909 5421 1079 5500 iniqnita-
1134 5425 1230 5496 idest,
1243 5421 1529 5495 administrantes:
1544 5419 1621 5499 quia
1632 5417 1867 5480 administrant
1877 5432 1935 5478 no-

288 5520 340 5581 tes
355 5517 468 5598 (Eccli.
487 5535 546 5592 ru,
562 5521 603 5599 6).
625 5519 724 5590 Quasi
744 5521 869 5584 diceret
885 5543 892 5582 ε
907 5523 974 5584 noli
989 5524 1080 5587 acci·
1133 5523 1185 5586 bis
1198 5521 1345 5584 divinam
1360 5517 1514 5596 gratiam,
1529 5517 1582 5579 vel
1600 5512 1817 5578 l'luminando
1832 5515 1934 5577 corda

286 5631 365 5696 pere
382 5616 575 5696 potestatem
599 5617 664 5680 nisi
688 5618 780 5696 prius
804 5618 928 5682 babeas
949 5619 1080 5685 bonita-
1135 5621 1261 5694 nostra,
1284 5617 1337 5682 rel
1360 5614 1573 5680 custodiendo
1593 5629 1653 5676 nos
1672 5629 1692 5677 a
1712 5611 1885 5693 periculis:
1901 5616 1937 5676 et
