4066 6294
293 474 532 552 montisfortis,
566 470 624 554 qui
654 469 724 534 tum
751 411 968 548 praellabatur
998 403 1085 525 ultra
1143 407 1924 538 ltlmarlcl,etquodipsejameratapuddastrum

296 577 494 641 Rhodanum
508 571 623 636 contra
643 565 855 634 ademarium
869 563 911 626 de
925 562 1086 635 Pictarla,
1142 559 1272 622 Novum
1282 556 1323 620 de
1332 556 1430 620 ArrIo
1438 573 1516 618 cum
1524 557 1751 629 suoexercitu,
1759 555 1842 636 apud
1849 557 1925 634 illud
2015 599 2016 606 1

293 303 314 362 2
875 284 933 352 Al)
951 279 1128 350 nemeen
1145 279 1189 343 111
1204 279 1345 344 OPERA
1904 285 1922 342 4
2014 261 2015 268 '

295 679 331 738 ut
339 677 473 754 propter
482 669 652 751 praemissa
663 667 704 730 ad
712 663 880 728 civitatem
890 661 1088 724 Tolosanam
1142 657 1285 719 castrum
1301 655 1402 729 venit,
1416 656 1450 717 et
1464 655 1572 733 ipsum
1587 655 1716 718 fortiter
1729 654 1861 726 obsedit,
1874 654 1926 716 ubi
2015 657 2016 660 ’

293 792 369 840 cum
384 789 444 835 suo
459 767 608 834 exercitu
621 763 796 828 confestim
811 762 926 824 venire
941 758 1085 822 deberet.
1142 754 1249 818 dictus
1263 753 1450 816 Almaricus
1464 753 1538 815 erat
1551 769 1628 816 cum
1645 753 1795 815 Gnidone
1816 752 1927 814 comite

293 875 333 936 st
346 869 466 934 deinde
480 867 658 930 Falconem
677 862 869 940 epIscopum
887 858 1087 920 Tolosanum
1139 851 1281 930 ‘Bigorra
1300 851 1403 914 fratre
1435 866 1507 913 suo.
1532 851 1571 913 m
1595 868 1696 930 quum
1720 868 1786 912 una
1809 851 1928 912 (lienam

293 966 528 1047 cumpluribus
543 963 620 1027 ailla
635 976 696 1041 pro
710 955 1038 1036 Crucepraedicanda
1053 955 1087 1016 in
1142 945 1230 1013 inter
1244 965 1279 1011 se
1294 948 1425 1012 sortiter
1438 949 1473 1011 et
1486 949 1630 1012 viriliter
1642 949 1839 1028 pugnarent,
1850 965 1933 1026 prae·
2016 983 2017 990 1

292 1055 904 1138 Franciumidemlogatustransmisit,
916 1053 1088 1132 exquibus
1142 1048 1229 1111 fatus
1239 1048 1347 1110 (tuido
1360 1048 1500 1124 Bigorra
1513 1063 1624 1112 comes
1637 1047 1785 1125 graviter
1793 1047 1853 1108 suit
1863 1047 1933 1109 rul-
2016 1067 2017 1074 ¹

292 1167 387 1230 multi
398 1165 440 1227 ab
456 1163 529 1241 ipso
542 1161 653 1238 legato
667 1154 889 1234 crucesignati
900 1153 1046 1216 luerunt.
1142 1147 1290 1220 meratus,
1307 1145 1342 1207 in
1356 1146 1484 1208 tantum
1509 1146 1595 1225 quod
1619 1147 1694 1224 post
1716 1161 1839 1224 paucos
1865 1145 1931 1206 dies

331 1267 413 1328 Item
429 1261 515 1341 quod
537 1274 637 1337 quarm
659 1257 773 1335 postea
796 1252 954 1332 praelatus
974 1251 1087 1312 Simon
1143 1242 1931 1323 exspIrarit.Quumqneposteaiortiteriancem

292 1379 403 1426 comes
424 1360 609 1423 'dolosanus
630 1355 759 1432 litteras
773 1351 853 1415 dicti
874 1349 975 1428 legati
989 1364 1087 1411 rece·
1142 1342 1331 1420 pugnarent
1344 1357 1403 1420 per
1417 1342 1522 1404 totum
1537 1341 1701 1420 hyemem,
1714 1343 1747 1403 et
1757 1341 1863 1402 dictus
1876 1339 1932 1401 Al-

291 1460 405 1542 pisset,
422 1457 532 1522 statim
547 1471 622 1518 cum
637 1470 698 1518 suo
709 1450 861 1515 exercitu
875 1450 916 1512 ad
931 1465 1007 1510 cum
1024 1464 1087 1508 re·
1142 1439 1287 1502 maricus
1315 1439 1486 1502 laboribus
1518 1440 1552 1502 ot
1579 1438 1735 1517 expensis
1764 1437 1932 1514 fatigatus,

293 1561 352 1632 nit,
363 1559 396 1620 et
407 1556 562 1634 cumipse
573 1555 613 1615 ad
624 1551 746 1616 dictam
756 1549 923 1626 civitatem
935 1547 1089 1610 Tolosam
1142 1537 1336 1611 exstitisset,
1352 1537 1427 1600 idoo
1451 1537 1486 1600 in
1510 1537 1725 1616 subsequenti
1747 1535 1834 1600 bono
1848 1538 1933 1599 tem-

293 1655 450 1736 perrexit,
467 1653 500 1718 et
523 1653 628 1731 ipsam
650 1647 789 1722 sortiter,
813 1647 846 1710 et
869 1663 944 1710 cum
967 1660 1088 1722 magna
1142 1651 1223 1715 pore
1238 1652 1258 1698 a
1273 1635 1360 1699 dicto
1376 1637 1491 1699 Castro
1506 1637 1601 1698 Novo
1615 1635 1764 1698 recessit.

292 1753 433 1817 audacia
457 1751 590 1824 invasit,
612 1748 754 1812 tenendo
776 1745 818 1809 ad
840 1759 974 1808 manum
993 1758 1088 1806 suam
1183 1736 1264 1798 Item
1289 1734 1375 1814 quod
1401 1751 1502 1813 quum
1525 1734 1732 1813 postmodum
1753 1731 1935 1795 Ludoricus

292 1853 415 1916 dictum
444 1851 588 1913 castrum
612 1846 839 1910 Narbonense.
868 1842 932 1906 Sed
960 1841 1088 1906 civibus
1143 1833 1382 1911 primogenitus
1405 1832 1495 1910 regis
1511 1831 1662 1895 FrancIae
1689 1831 1935 1908 crucesignatus

290 1951 396 2030 ipsius
410 1948 552 2014 viriliter
566 1939 965 2014 sedelendentibus,nihil
977 1940 1088 2002 lacere
1143 1932 1291 1994 existens
1314 1932 1401 2010 apud
1412 1931 1587 2010 Rupellam
1610 1930 1835 1993 xantonensis
1849 1929 1935 1990 dioe-

291 2049 398 2129 potuit
411 2047 470 2110 illa
483 2038 1088 2128 vice.,Quaretuncmacbinasplures
1143 2029 1228 2094 cesis
1250 2045 1324 2093 cum
1346 2047 1407 2093 suo
1426 2030 1576 2093 exercitu
1597 2031 1712 2092 contra
1733 2045 1846 2106 regem
1869 2031 1938 2090 An-

291 2149 325 2209 et
339 2147 489 2208 diversos
508 2141 636 2221 lapides
651 2139 795 2203 molares
809 2153 908 2217 quam
927 2136 1088 2216 plurimos
1142 2126 1935 2207 gliaeaudirissetquodltaymundusolimcomes

292 2245 374 2323 ipse,
392 2244 425 2306 et
438 2243 505 2305 alia
520 2239 584 2304 sibi
596 2238 787 2302 necessaria
802 2234 985 2315 praeparari
998 2234 1085 2306 lecit,
1142 2226 1325 2289 Tolosanas
1346 2227 1565 2305 occupaverat
1584 2225 1775 2288 comitatum
1796 2225 1936 2287 Tolosa-

292 2344 415 2406 etcum
430 2339 502 2404 istis
522 2339 619 2402 nocte
642 2339 675 2400 et
688 2335 742 2398 die
756 2335 872 2398 contra
893 2333 1014 2396 dictam
1034 2332 1087 2394 ci·
1142 2341 1222 2386 num
1249 2326 1366 2388 contra
1399 2323 1603 2388 voluntatem
1626 2323 1799 2396 Ecclesiae,
1828 2323 1936 2385 statim

291 2441 428 2504 ritatem
442 2437 572 2501 sortiter
585 2435 755 2517 pugnavit,
773 2435 806 2496 et
819 2433 910 2495 cires
927 2430 1031 2510 ipsius
1044 2447 1088 2494 ex
1143 2421 1230 2484 diota
1252 2423 1393 2501 Rupella
1416 2439 1477 2501 per
1501 2422 1609 2502 ipsum
1631 2423 1739 2500 capta,
1754 2421 1846 2484 venit
1863 2437 1936 2482 curn

292 2539 433 2601 adverso
447 2536 591 2602 pipiliter
603 2551 640 2597 se
651 2533 878 2597 defenderunt.
1143 2536 1204 2582 suo
1218 2518 1371 2583 exercitu
1381 2537 1499 2584 persus
1514 2521 1627 2599 partes
1643 2519 1828 2582 'I'olosanas
1850 2535 1937 2580 anno

332 2637 414 2698 Item
429 2635 515 2713 qnod
530 2649 630 2712 quum
655 2632 718 2694 ista
733 2645 845 2710 pugna
868 2627 966 2690 nocte
986 2628 1020 2691 et
1033 2627 1087 2690 die
1143 2617 1273 2681 Domini
1306 2621 1477 2682 mccxlii.
1509 2622 1681 2696 Quumque
1713 2617 1832 2680 fuisset
1851 2617 1936 2695 apud

290 2734 377 2796 inter
388 2732 556 2796 Simonem
566 2729 719 2793 comitem
729 2726 982 2800 Tolosanum,et
997 2729 1088 2806 Ray·
1142 2717 1387 2791 Marmandam,
1412 2715 1585 2780 confestim
1614 2714 1818 2778 obsidionem
1844 2731 1937 2777 suom

291 2831 450 2893 mundum
465 2829 638 2908 antiquom
653 2825 817 2898 comitem,
834 2825 867 2886 et
881 2840 960 2886 suos
975 2825 1088 2902 gravi-
1143 2814 1264 2877 ibidem
1279 2815 1399 2894 posuit,
1416 2816 1449 2878 ot
1469 2816 1585 2878 contro
1608 2815 1714 2893 ipsam
1729 2813 1858 2876 fortiter
1871 2831 1937 2892 po·

289 2931 341 2993 ter
356 2927 530 3000 extitisset,
548 2926 620 3004 ipse
634 2940 744 2988 comes
758 2923 943 2985 Tolosanns
957 2921 1089 3000 aliquo-
1142 2928 1245 2990 gnare
1269 2911 1416 2992 lncoepit.
1438 2913 1607 2976 Gabellus
1630 2914 1741 2975 autem
1764 2927 1877 2974 comes
1897 2912 1938 2975 de

188 2997 194 3012 ⁸
291 3043 366 3090 rum
381 3025 535 3088 inductus
549 3022 689 3086 consilio
704 3038 806 3083 unum
831 3020 964 3082 modum
986 3019 1086 3082 insa·
1142 3011 1312 3084 Astaraco,
1325 3011 1359 3074 et
1372 3012 1486 3088 plures
1501 3011 1559 3074 alii
1575 3009 1714 3084 nobiles,
1726 3009 1782 3089 qui
1797 3025 1872 3072 eam
1887 3009 1940 3072 in-

291 3123 389 3188 dendi
405 3123 438 3186 et
451 3121 627 3186 resistendi
640 3121 673 3182 in
684 3119 833 3198 periculo
849 3117 1034 3182 Invenitur
1047 3118 1087 3181 de
1141 3106 1194 3170 tra
1209 3107 1439 3183 defendebant,
1459 3109 1610 3173 videntes
1634 3109 1719 3187 quod
1734 3107 1938 3171 obsidionem

291 3223 391 3301 lignis
406 3220 531 3300 grossis
546 3219 618 3298 ipse
632 3235 734 3280 unum
747 3217 1003 3280 instrumentum
1014 3215 1087 3279 fleri
1142 3203 1221 3268 dIcti
1246 3206 1404 3269 ludovici
1427 3205 1488 3268 diu
1509 3207 1673 3269 sustinere
1697 3221 1763 3268 non
1791 3207 1938 3284 possent,

291 3321 380 3394 lecit,
397 3320 484 3400 quod
500 3319 580 3382 (tata
603 3315 788 3395 vulgariter
810 3317 861 3378 est
882 3315 1084 3394 nuncupata,
1143 3301 1270 3365 carceri
1293 3305 1366 3382 ejus
1390 3303 1548 3367 Ludorici
1575 3319 1611 3365 se
1635 3305 1890 3382 supposuerunt,
1906 3304 1940 3365 et

290 3421 329 3484 st
341 3435 442 3500 quum
453 3417 524 3498 ipse
539 3433 615 3480 cum
630 3415 743 3479 multis
757 3414 834 3477 aliis
849 3431 885 3477 se
901 3413 947 3476 ibi
961 3414 1088 3492 posuis·
1142 3402 1371 3464 Mormossdom
1392 3402 1456 3463 ofili
1477 3401 1703 3465 reddiderunt·
1723 3401 1785 3475 Qui
1806 3401 1938 3480 quidem

288 3518 478 3582 potionata
494 3517 603 3580 istan
622 3514 767 3579 erasnm
786 3511 1087 3577 nativitalrssanoo
1142 3501 1256 3578 postea
1278 3500 1365 3580 capo
1389 3501 1430 3564 ad
1455 3503 1601 3564 castrum
1626 3499 1738 3562 sancti
1767 3500 1939 3563 saurentii

287 3617 438 3690 Ioannis,
455 3615 681 3693 quidamlapIs
696 3615 842 3691 exparte
857 3609 1002 3676 civItatis
1012 3629 1087 3675 cum
1142 3597 1232 3659 ducti
1246 3597 1392 3671 luerunt,
1409 3598 1442 3660 et
1456 3597 1502 3660 ibi
1517 3597 1651 3671 detenti,
1668 3597 1772 3660 donec
1791 3598 1940 3660 crucesi-

289 3713 432 3793 quadam
447 3713 613 3784 machina,
626 3727 699 3790 quae
709 3710 893 3788 vulgariter
902 3710 1089 3789 appellatur
1141 3695 1245 3773 gnoti,
1258 3695 1314 3773 qui
1329 3698 1452 3774 aparte
1465 3697 1607 3759 advorso
1622 3697 1709 3774 copti
1719 3695 1861 3770 moroni,
1874 3696 1938 3759 Sibi

286 3815 503 3888 monocordo
517 3811 633 3872 contra
656 3807 764 3886 ipsum
778 3807 943 3881 comitem,
960 3809 992 3871 et
1010 3823 1088 3870 suos
1142 3793 1286 3856 rostttuti
1305 3793 1456 3858 fuissent·

287 3908 529 3973 commilitones
560 3906 777 3970 transmissus
805 3905 883 3980 duit,
918 3905 951 3968 et
979 3904 1087 3983 ipsum
1183 3910 1264 3972 Item
1276 3909 1348 3990 ipse
1360 3909 1547 3974 Ludovicus
1564 3910 1638 3988 post
1648 3909 1832 3989 captionem
1842 3908 1938 3972 dicta

290 4007 458 4072 Simonem
486 4003 640 4086 comitem
662 4003 778 4067 taliter
800 4001 975 4082 percussit,
1001 4005 1087 4083 quod
1142 4007 1345 4070 Marmandae
1360 4025 1435 4070 cum
1450 4008 1601 4072 exercitu
1616 4025 1687 4081 suo,
1704 4009 1737 4071 et
1754 4007 1938 4070 Bertrando

288 4105 399 4169 statim
425 4103 608 4184 exspiravit
626 4119 714 4167 anno
734 4119 755 4166 a
773 4101 1087 4167 nativitatebomini
1142 4104 1305 4167 cardinali
1330 4104 1439 4184 legato
1464 4107 1559 4170 sedis
1586 4105 1795 4185 Apostolicae,
1811 4105 1844 4168 et
1862 4121 1936 4166 cum

289 4207 490 4270 MCCXVIII.
1142 4203 1383 4281 crucesignatis
1405 4221 1522 4267 versus
1546 4202 1700 4268 Tolosam
1723 4203 1878 4275 accessit,
1904 4204 1938 4264 et

327 4307 409 4368 Item
432 4307 562 4369 mortuo
578 4304 651 4384 ipso
666 4303 800 4368 slmone
819 4302 938 4366 comite
957 4303 1086 4365 'l'olosae
1141 4317 1215 4376 eam
1234 4301 1492 4381 circumquaque
1511 4302 1641 4366 fortiter
1664 4300 1802 4374 obsedit,
1818 4299 1939 4362 rideli-

287 4403 322 4463 et
345 4401 576 4476 Montislortis,
592 4402 752 4462 successit
767 4399 830 4460 sibi
844 4399 1030 4462 Almaricus
1046 4401 1087 4461 tl-
1140 4400 1194 4462 cet
1206 4401 1266 4462 XV
1280 4399 1347 4462 kal.
1358 4400 1459 4463 Junii.
1473 4399 1642 4478 Quiquum
1652 4399 1759 4478 ipsam
1770 4398 1936 4460 civitatem

287 4498 352 4560 lius
366 4515 447 4561 suus
462 4497 753 4578 primogenitusmt
766 4496 875 4560 baares
886 4495 1085 4559 universalis
1141 4513 1200 4576 per
1217 4501 1292 4562 XIV
1306 4499 1379 4562 dies
1400 4497 1543 4561 viriliter
1563 4497 1797 4577 expugnasset,
1814 4495 1935 4558 dictum

287 4595 322 4656 in
337 4597 494 4658 comitatu
503 4595 679 4670 Tolosano,
690 4597 723 4659 et
732 4595 809 4658 aliis
819 4593 929 4668 terris,
942 4594 975 4656 et
985 4594 1085 4656 etiam
1141 4595 1344 4672 Ludovicum
1359 4612 1402 4657 ex
1416 4596 1606 4658 necessario
1627 4612 1648 4659 a
1663 4595 1751 4658 dicta
1766 4594 1935 4658 obsidione

286 4693 322 4756 in
346 4691 504 4753 comitatu
518 4693 746 4754 MontIssortis.
762 4692 825 4766 Qui
839 4693 971 4772 quidem
995 4691 1086 4755 obsi·
1139 4691 1296 4754 recedere
1315 4691 1471 4768 oportuit.
1497 4693 1590 4756 Unde
1612 4693 1783 4767 militibus,
1805 4695 1838 4756 et
1860 4693 1935 4756 aliis

286 4789 419 4856 dionem
433 4789 632 4864 Tolosanam
645 4787 859 4851 vehementer
875 4790 1085 4868 amplexatus
1140 4789 1256 4867 captis,
1266 4788 1299 4851 et
1308 4789 1453 4851 detemis·
1462 4789 1503 4851 ab
1513 4792 1651 4871 utraque
1663 4793 1757 4872 parte
1769 4791 1848 4855 binc
1860 4790 1934 4854 indo

285 4891 347 4968 est,
362 4889 396 4951 et
408 4887 521 4964 taliter
534 4885 620 4966 quod
644 4885 750 4966 ipsam
773 4901 878 4964 usque
901 4888 942 4950 ad
962 4887 1083 4950 subse-
1138 4886 1288 4964 redditis,
1306 4885 1376 4967 ipse
1390 4887 1577 4952 Ludovicus
1602 4890 1638 4952 in
1652 4889 1935 4952 Franciamredi-

287 5003 392 5066 quens
405 4986 525 5049 loetum
540 4983 646 5048 sancti
658 4983 773 5047 Jacobi
784 4983 926 5062 apostoli
935 4985 1042 5048 tenuIt
1052 4987 1085 5048 et
1138 4983 1196 5060 rit,
1217 4985 1249 5048 et
1277 4987 1351 5063 post
1378 4985 1483 5064 ipsius
1508 5003 1676 5051 recessum
1702 4989 1798 5067 plura
1827 4989 1935 5051 castra

285 5084 484 5160 defenderit.
499 5083 561 5146 Sed
573 5083 686 5162 postea
707 5081 831 5144 dictum
841 5083 986 5144 castrum
995 5083 1085 5145 Nar·
1138 5081 1225 5146 dicto
1245 5083 1363 5146 comiti
1382 5083 1518 5163 antiquo
1537 5085 1701 5148 'l'olosano
1723 5101 1759 5148 se
1781 5085 1936 5148 reddide-

285 5183 432 5248 bcnense
447 5181 582 5256 dimisti,
600 5181 633 5244 et
647 5179 734 5262 apud
750 5179 1001 5243 Carcassoniam
1022 5197 1082 5243 re·
1137 5181 1266 5251 runtet
1277 5197 1398 5259 guerra
1411 5198 1454 5244 ex
1463 5183 1557 5262 parte
1572 5182 1677 5262 ipsius
1690 5185 1806 5247 contra
1817 5184 1932 5247 Eccle-

286 5283 397 5355 cessit,
413 5279 492 5360 qula
515 5281 586 5360 ipse
608 5295 674 5356 non
693 5279 823 5358 poterat
844 5277 1018 5340 rictorIam
1042 5279 1083 5342 de
1138 5277 1222 5342 siam
1236 5279 1311 5358 plus
1326 5279 1424 5342 solito
1435 5281 1514 5343 tunc
1527 5280 1687 5346 calefacta
1700 5281 1772 5353 luit,
1785 5298 1824 5345 ac
1835 5283 1933 5346 etiam

286 5378 432 5444 inimicis
446 5378 516 5441 suis
530 5377 681 5454 obtinere
694 5379 829 5457 propter
843 5365 991 5456 ipsorum
1006 5375 1084 5439 inll-
1136 5377 1367 5456 multiplicata.

285 5478 466 5564 delitatem.
859 5544 863 5560 ¹
948 5541 953 5551 ,
1177 5477 1259 5540 Item
1272 5475 1358 5554 quod
1373 5476 1444 5556 ipse
1462 5477 1630 5562 lionorius
1654 5481 1744 5558 Papa
1759 5495 1847 5543 anno
1863 5483 1931 5542 Ilo-

326 5579 408 5666 Item
422 5593 524 5661 quum
534 5577 651 5656 postea
659 5573 766 5650 dictus
777 5571 992 5653 Itaymundus
1003 5573 1082 5638 olim
1137 5573 1218 5636 mini
1228 5569 1388 5637 mcdxxl
1406 5575 1619 5639 Fredericum
1632 5577 1814 5640 secundum
1828 5577 1933 5656 impe·

287 5691 397 5740 comes
411 5667 595 5740 Tolosanus
610 5660 792 5756 audirisset
814 5687 983 5736 recessum
1002 5671 1081 5735 dicti
1136 5673 1280 5736 retorem
1304 5673 1445 5738 electum
1469 5675 1688 5746 confirmavit,
1709 5677 1742 5738 et
1763 5676 1932 5749 coronarit
