3984 6292
307 275 367 336 547

307 437 341 500 et
362 436 483 499 vestra
506 437 636 500 centum
659 435 761 498 libras
783 437 857 500 auri
878 435 1055 515 persolvat,
1072 439 1106 500 et

308 535 395 614 quod
423 534 600 609 invaserit,
626 534 720 596 vobis
743 534 796 596 vel
820 535 894 597 voci
917 537 1038 599 vestrae
1067 536 1104 596 in

307 634 527 712 quadruplum
539 633 666 695 reddat.
678 633 717 694 Et
729 631 792 695 hoc
802 634 962 711 scriptum
973 649 1104 713 semper

306 733 439 795 maneat
452 733 593 793 firmum.

345 829 447 893 Facta
472 829 593 891 Charta
622 829 657 890 in
687 831 836 904 zamora,
862 833 882 892 7
908 831 982 894 idus
1007 832 1100 906 iulii,

304 929 477 997 aera1210,
498 928 658 1004 regnante
676 944 756 1005 rege
774 928 908 992 domino
927 931 1101 993 Fornando

305 1027 460 1103 Legioue,
473 1027 725 1100 Extremadura,
738 1027 896 1101 Gallecia,
911 1030 945 1090 et
954 1030 1100 1100 Asturia,

303 1141 343 1187 eo
358 1140 459 1194 anno,
485 1141 549 1202 quo
573 1124 815 1187 famosissimus
831 1128 929 1205 atque
944 1129 1019 1206 pius
1036 1127 1100 1189 do-

301 1225 412 1286 minus
442 1224 623 1285 cardinalis
655 1225 872 1302 Hiacynthus,
902 1227 1100 1304 apostolica

303 1321 400 1384 Sedis
413 1323 553 1398 legatus,
570 1323 663 1386 venit
675 1321 709 1384 in
721 1323 894 1400 Hispania.

341 1422 410 1498 Ego
425 1421 631 1494 Fornandns,
647 1422 708 1482 Dei
727 1422 846 1498 gratia,
863 1422 1099 1500 Hispaniarum

301 1535 374 1588 rex,
390 1519 453 1580 hoc
474 1519 644 1595 scriptum,
660 1519 745 1598 quod
760 1519 834 1581 fleri
849 1520 948 1597 jussi,
965 1522 1099 1599 proprio

301 1617 420 1679 robore
433 1617 637 1679 confirmavi.

340 1717 409 1792 Ego
432 1716 563 1788 Petrus,
589 1715 648 1776 Dei
677 1717 797 1792 gratia,
825 1717 1098 1794 compostellanae

299 1813 451 1874 ecclesiae
465 1813 748 1892 archiepiscopus,
763 1813 967 1877 confirmavi.

337 1910 746 1989 lohannes,Legi0nensis
772 1912 958 1990 episcopus,
972 1913 1097 1976 contir-

297 2009 397 2072 mari.
940 2027 947 2036 ·

338 2106 504 2169 Ganzalus
541 2108 714 2171 ovetensis
747 2109 942 2188 episcopus,
972 2109 1097 2172 conflr-

298 2205 398 2267 mavi.

337 2303 532 2365 Fernandus
560 2304 784 2367 asturicensis
808 2305 995 2386 episcopus,
1015 2323 1097 2369 con-

298 2399 440 2462 firmari.
505 2387 508 2394 ⁴

336 2499 524 2578 Stephanus
546 2501 755 2564 zamorensis
767 2503 957 2580 episcopus,
971 2503 1096 2566 contir-

295 2596 397 2658 mavi.

335 2695 453 2756 Petrus
483 2694 732 2758 salmaticensis
753 2695 943 2775 episcopus,
971 2697 1096 2760 contir-

296 2793 396 2853 mavi.

334 2889 439 2952 Adam
480 2889 672 2954 Arociensis
723 2891 922 2970 episcopus,
969 2893 1095 2960 contir-

296 2987 396 3049 mavi.

334 3084 504 3147 Johannes
539 3086 718 3148 Luccensis
753 3086 941 3164 episcopus,
966 3090 1092 3152 contir-

296 3181 395 3244 mavi.

334 3281 452 3342 Petrus
492 3282 704 3344 Scoaniensis
741 3283 933 3362 episcopus,
965 3285 1091 3349 contir-

299 3378 398 3441 mavi.

330 3475 500 3540 iohannes
514 3478 755 3541 Mindoniensis
770 3481 1092 3562 episcopuscontir·

291 3575 391 3636 mavi.

330 3672 671 3736 iohannesTudensis
684 3678 870 3755 episcopus,
883 3681 1089 3744 confirmavi.

331 3769 523 3832 Dominicus
554 3771 788 3835 Cababriensis
812 3777 999 3856 episcopus,
1016 3795 1091 3842 con·

292 3863 433 3927 firmavi.

332 3963 448 4024 Comes
481 3966 700 4042 Urgellensis,
733 3971 957 4048 madordomus
985 3976 1087 4054 regis,

292 4059 497 4123 confirmavi.

330 4159 525 4221 Fernandus
541 4162 678 4225 liodrici
699 4163 852 4227 dominus
876 4165 912 4229 in
930 4170 1086 4246 asturiis,

289 4256 494 4320 confirmavi.

328 4355 443 4416 Comes
475 4359 594 4420 domes
630 4359 666 4421 in
693 4361 927 4438 Transtamar,
959 4365 1086 4430 conflr-

286 4451 386 4513 mavi.

326 4551 441 4612 (lomes
454 4551 584 4626 Petrus,
598 4555 807 4618 confirmavi.

325 4648 442 4710 Comes
458 4651 613 4726 Aionsus,
635 4655 843 4717 confirmavi.

323 4745 466 4807 alvarus
480 4749 626 4822 Rodrici‚
641 4751 846 4816 confirmari.

325 4842 444 4904 Petrus
457 4845 602 4919 Rodrici‚
616 4847 821 4912 confirmavi.

326 4939 479 5000 Gotterus
492 4942 638 5016 Rodrici‚
651 4945 856 5008 confirmavi.

324 5037 477 5098 Gotterus
506 5037 633 5100 Gotteri
660 5040 801 5117 signifer
818 5046 923 5120 regis,
954 5049 1081 5110 contir-

284 5133 385 5194 mavi.

321 5233 389 5307 Ego
409 5231 565 5309 Pelagius
583 5235 720 5312 dudem,
737 5237 887 5301 notarius
906 5241 1006 5317 regis,
1022 5260 1081 5321 pro

281 5328 516 5393 archidiacono
534 5332 654 5396 domno
670 5335 806 5413 Pelagio
819 5339 982 5402 existente
998 5355 1082 5403 can-

280 5424 427 5502 cellario,
447 5429 565 5506 scripsi
581 5434 614 5493 et
628 5434 833 5497 confirmavi.

319 5606 356 5665 In
378 5607 570 5684 episcopatu
591 5611 789 5684 ausonensi,
814 5613 884 5678 sive
908 5617 1043 5680 vicensi
1069 5639 1076 5680 ε

933 274 1110 338 HONORII
1131 277 1177 338 111
1198 277 1336 339 OPERA
1872 293 1914 356 548

1159 437 1398 500 lionasterium
1421 439 1534 502 Sancti
1556 439 1718 502 iohannis
1739 443 1915 524 Rivopolen·

1158 535 1216 608 sis,
1232 537 1257 598 3·
1266 534 1493 600 marabutinos
1505 538 1591 600 auri.

1197 633 1435 695 Monasterium
1451 635 1564 696 Sancti
1578 636 1749 700 Benedicti
1767 638 1804 702 de
1816 643 1913 722 Bragis,

1156 729 1361 795 3hisantios.

1197 828 1434 892 Monastarium
1450 831 1579 894 Sanctae
1601 833 1717 896 Mariae
1733 836 1915 914 Rivopollen-

1156 925 1214 998 sis,
1229 925 1487 990 smarabutinos
1499 929 1586 990 auri.

1197 1024 1234 1084 ln
1264 1025 1455 1102 episcopatu
1488 1026 1649 1089 Ilerdensi
1680 1049 1688 1091 ε
1715 1031 1915 1096 Monasteriuu

1157 1123 1269 1184 Sancti
1282 1123 1477 1196 victoriani,
1491 1125 1662 1188 dimidiam
1675 1128 1803 1189 unciam
1819 1133 1887 1192 auri.

1196 1223 1233 1282 ln
1266 1222 1458 1299 episcopatu
1495 1225 1632 1285 Oscensi
1672 1242 1680 1285 :
1714 1227 1916 1291 Monasteriun

1156 1319 1269 1380 Sancti
1294 1319 1459 1382 iohannis
1482 1321 1522 1382 de
1547 1322 1666 1396 Pinna,
1692 1339 1791 1386 unam
1815 1327 1917 1388 rinciau

1154 1415 1228 1477 auri
1241 1416 1518 1480 malachinorum.

1193 1515 1431 1577 Monasterium
1465 1517 1579 1580 Sancti
1606 1519 1697 1581 Petri
1731 1519 1771 1581 de
1799 1522 1916 1594 Lasesio,

1152 1613 1172 1673 l
1185 1613 1424 1676 marabutinos.

1193 1711 1359 1773 canonica
1383 1713 1505 1775 Montis
1528 1715 1739 1792 aragonum,
1765 1729 1854 1778 unum
1872 1734 1918 1778 un-

1152 1807 1238 1870 ciam
1253 1809 1339 1871 auri.

1192 1907 1340 1970 Ecclesia
1358 1907 1433 1989 ipsa
1448 1910 1614 1981 Oscensis,
1631 1909 1801 1975 dimidiam
1814 1913 1916 1974 unciam

1152 2004 1238 2066 auri.

1192 2101 1230 2164 ln
1269 2104 1463 2182 episcopatu
1499 2105 1716 2168 Tirasonensi
1754 2127 1763 2167 ε
1800 2108 1917 2168 Ecclesia

1153 2197 1283 2262 Sanctae
1320 2203 1455 2276 Mariae,
1488 2203 1552 2264 sita
1589 2204 1625 2264 in
1665 2205 1775 2266 castro
1804 2205 1916 2276 Tutela,

1150 2300 1171 2359 2
1194 2297 1318 2360 solidos
1341 2299 1432 2361 illiue
1459 2301 1614 2375 monetas,
1635 2301 1791 2365 videlicet
1812 2305 1916 2365 sened-

1152 2396 1272 2458 torum.

1190 2496 1227 2555 In
1243 2488 1435 2572 episcopatu
1450 2497 1699 2574 calaguritano.

1190 2593 1227 2654 In
1255 2593 1447 2671 episcopatu
1476 2595 1664 2672 Urgellensi
1683 2619 1691 2658 ε
1712 2597 1915 2659 Monasterlun

1150 2690 1263 2753 Sancti
1288 2691 1471 2766 Saturnini,
1487 2709 1548 2771 per
1570 2695 1717 2772 spatium
1741 2695 1811 2758 octo
1833 2710 1915 2756 anirn-

1148 2804 1233 2863 rum,
1250 2788 1369 2852 libram
1383 2807 1483 2852 unam
1498 2791 1639 2868 argenti.

1188 2887 1336 2948 Ecclesia
1349 2889 1560 2964 aggerensis,
1575 2891 1595 2950 3
1608 2887 1841 2952 marabutinos.

1187 2984 1336 3047 Ecclesia
1353 2986 1466 3048 Sancti
1487 2986 1578 3049 Petri
1594 2987 1633 3048 de
1653 2988 1799 3056 Devotis,
1815 2986 1914 3048 tertiam

1147 3083 1274 3160 partem
1290 3082 1416 3146 fructus
1431 3083 1558 3154 allodii,
1572 3084 1686 3163 inquo
1701 3086 1766 3147 sita
1779 3087 1833 3148 cst.
1961 3075 1962 3094 ³

1186 3181 1335 3244 Ecclesia
1348 3183 1478 3244 Sanctae
1488 3183 1604 3245 Mariae
1616 3183 1830 3259 Urgellensis‚
1841 3196 1914 3242 anan

1147 3278 1279 3340 unciam
1294 3279 1379 3342 auri.
1396 3282 1475 3353 Quae
1488 3282 1539 3342 est
1550 3281 1767 3343 cathedralis.

1186 3375 1335 3439 Ecclesia
1367 3378 1542 3452 (terensis,
1576 3394 1677 3440 unam
1719 3380 1843 3441 unciam
1869 3391 1912 3438 ar-

1146 3473 1248 3550 genti.

1186 3572 1302 3634 Comes
1323 3572 1620 3636 Barcinonensium
1642 3573 1683 3636 de
1707 3576 1795 3638 omni
1817 3574 1915 3634 honore

1146 3683 1216 3738 suo,
1236 3669 1269 3732 et
1287 3670 1478 3746 specialiter
1497 3670 1537 3734 de
1555 3671 1636 3734 urbe
1655 3672 1858 3740 Tarraconis,
1872 3683 1915 3746 per
1960 3709 1961 3722 .

1146 3767 1407 3845 quinquennium
1442 3768 1539 3832 dehet
1566 3769 1759 3847 persolvere
1789 3767 1914 3830 Ecclesia

1145 3867 1303 3928 Romanae
1317 3867 1358 3926 25
1372 3865 1475 3928 libras
1495 3868 1625 3944 argenti
1638 3869 1821 3944 purissimi.

1184 3963 1400 4040 Raymundus
1413 3963 1596 4026 Guillielmi
1607 3964 1728 4028 obtulit
1742 3965 1833 4028 beato
1842 3965 1916 4024 Petro

1144 4058 1209 4120 duo
1222 4061 1343 4122 castra.
1356 4063 1465 4124 Unum
1480 4060 1602 4124 dicitur
1612 4063 1794 4137 Lobarioli,
1810 4065 1839 4124 et
1849 4061 1914 4122 alte-

1143 4172 1218 4220 rum
1241 4157 1440 4234 Talterolle;
1465 4159 1527 4222 sub
1548 4161 1711 4238 pensione
1730 4167 1750 4224 4
1772 4160 1915 4222 unciarum

1143 4251 1915 4332 aurimalachinorum.Eaconditione,utposteri

1142 4353 1290 4430 ejusdem
1304 4353 1486 4416 duillielmi
1501 4355 1669 4432 accipiant
1683 4353 1820 4434 praelata
1831 4353 1915 4414 casim
1959 4435 1960 4438 Ἴ

1142 4449 1182 4512 de
1197 4467 1297 4513 manu
1311 4452 1453 4515 Romani
1468 4453 1650 4516 Pontificis.

1180 4549 1420 4612 Monasterium
1454 4551 1568 4614 Sancti
1596 4552 1688 4613 Petri
1718 4551 1759 4613 de
1784 4544 1913 4616 Portella,

1141 4661 1240 4708 unam
1254 4647 1387 4708 unciam
1400 4648 1541 4724 argenti.

1180 4746 1254 4807 Rex
1264 4746 1467 4828 aragonum,
1479 4747 1540 4807 250
1552 4744 1666 4809 obolos
1676 4747 1753 4808 auri
1768 4761 1825 4824 pro
1834 4753 1912 4816 regno

1140 4857 1211 4903 suo.

1178 4941 1216 5001 ln
1229 4939 1422 5018 episcopatu
1433 4942 1733 5017 Caesaraugustano
1748 4963 1756 5004 :
1773 4938 1911 5002 Monaste·

1136 5037 1224 5098 rium
1241 5039 1371 5102 Sancta
1389 5039 1577 5101 catharinae
1597 5039 1910 5116 Caesaraugnstanen·

1137 5133 1195 5208 sis,
1218 5135 1346 5198 ordinis
1372 5136 1485 5198 Sancti
1509 5135 1675 5207 Damiani,
1698 5153 1800 5198 unam
1817 5133 1909 5195 libram

1137 5248 1222 5295 cerae
1237 5233 1422 5295 annuatim.

1176 5332 1213 5392 ln
1227 5331 1419 5409 episcopatu
1432 5331 1635 5396 Tortosensi.

1175 5430 1212 5490 ln
1234 5428 1428 5506 episcopatu
1451 5429 1707 5507 Pampelonensi
1731 5450 1740 5490 ε
1762 5421 1907 5504 Hospitale

1136 5527 1265 5591 Sanctae
1290 5527 1406 5590 Mariae
1430 5529 1523 5590 casa
1549 5527 1611 5590 Dei
1643 5527 1791 5590 Roscida
1813 5521 1904 5586 Vallis.

1134 5639 1237 5686 unum
1252 5624 1498 5689 morabatinum
1509 5625 1690 5687 annuatim.
1957 5617 1958 5622 ’
