3954 6358
88 345 151 406 om
736 344 789 404 DE
809 343 1005 406 ADVENTU
1030 345 1083 408 lv.
1673 352 1733 414 646

89 505 207 582 aperta
226 520 309 566 esse.
333 505 419 566 ilinc
441 506 491 566 est
516 504 616 566 etiam
636 503 721 581 qnod
740 505 886 566 Joannes
941 501 1022 565 alibi
1036 526 1043 564 :
1057 507 1290 578 Ftttaomtnis,
1303 507 1496 570 coattestare
1509 508 1623 582 etatem
1638 511 1734 573 oentt

89 602 175 664 vidit
196 602 232 664 in
248 602 381 664 civitate
400 601 532 664 Domini
553 602 595 662 ab
624 601 750 664 oriente
774 601 886 678 portas
940 602 1031 674 limis,
1046 603 1127 675 statis
1141 606 1246 666 verrit.
1261 601 1392 683 (lineali.
1408 620 1468 676 vn,
1481 607 1512 677 2,
1526 603 1573 685 6.)

88 699 169 772 tres,
197 700 351 762 similiter
372 699 413 762 ab
442 699 612 762 occidente
639 700 672 760 et
698 697 835 760 meridie
854 699 887 760 et
980 699 1042 760 llic
1066 703 1133 762 tres
1163 702 1199 762 in
1226 701 1375 763 Ecclesia
1403 702 1630 764 contestantur
1654 704 1733 782 quid

89 797 328 874 septentrione,
352 797 409 858 ubi
436 797 610 874 baptizatis
633 794 842 858 venientibus
866 812 886 856 a
941 793 1150 868 credendum,
1162 795 1239 874 quid
1247 795 1420 872 agendum,
1431 796 1552 874 quidve
1561 797 1733 860 vitandum

89 893 234 971 quatuor
261 895 410 971 partibus
447 893 537 956 orbis
570 893 681 971 pateat
715 893 885 970 ingressus
940 890 1138 953 sit.Primns
1152 892 1264 970 itaque
1284 893 1418 956 testium
1437 893 1518 956 ordo
1533 895 1583 957 est
1608 895 1735 973 princi-

88 988 236 1049 coelestis
264 987 419 1050 civitatis.
451 987 544 1048 Unde
577 989 627 1048 est
659 987 751 1049 tanta
779 987 885 1049 virtus
940 988 1036 1065 palis,
1053 989 1216 1052 secundus
1231 990 1436 1061 doctrinalis,
1453 979 1571 1054 tertius
1581 992 1732 1069 jndicia-

88 1101 254 1162 aquarum
267 1086 303 1148 ut
314 1101 454 1162 corpora
462 1085 610 1162 tangant,
626 1084 726 1146 corda
736 1083 883 1155 abluant,
939 1086 993 1148 lis.
1014 1086 1145 1148 Primus
1167 1089 1218 1148 est
1238 1087 1438 1160 adorandus,
1467 1089 1631 1152 secundus
1655 1090 1734 1152 imi-

87 1183 233 1257 gratiam
247 1182 389 1258 Spiritus
403 1183 518 1243 Sancti
539 1180 736 1253 diffundant,
752 1181 886 1243 coeleste
939 1183 1069 1256 tardus,
1097 1183 1215 1246 tertius
1242 1200 1318 1247 cnm
1350 1185 1469 1248 timore
1494 1187 1730 1263 expectandus.

87 1295 230 1355 regnum
245 1279 408 1356 aperiant,
423 1279 487 1340 nisi
499 1295 558 1356 per
572 1295 647 1341 enm
667 1279 707 1340 de
722 1294 786 1356 quo
802 1277 886 1340 dici·
940 1281 1071 1342 Primus
1085 1280 1173 1342 enim
1188 1284 1279 1344 creat
1292 1284 1325 1344 et
1335 1283 1577 1345 incrementum
1593 1283 1664 1360 dat;
1679 1301 1734 1346 se-

85 1375 168 1437 tur:
184 1379 319 1438 Medias
341 1378 458 1438 uatem
486 1378 642 1439 oestrum
664 1377 760 1438 stetit
785 1391 886 1450 quem
940 1378 1067 1440 cundns
1080 1379 1208 1455 plantat
1229 1381 1261 1441 et
1275 1379 1377 1455 rigat3
1401 1380 1518 1442 tertius
1541 1378 1683 1442 absolvit
1701 1381 1734 1444 et

86 1487 151 1534 vos
165 1475 286 1536 necat·
307 1472 439 1552 .(Joan.
452 1490 474 1546 l,
486 1472 553 1554 26.)
570 1471 730 1535 Sacerdos
753 1473 884 1551 quidem
939 1474 1147 1537 condemnat.
1164 1475 1295 1538 Primus
1317 1476 1398 1538 lacit
1420 1493 1499 1566 oyes
1514 1493 1589 1538 curn
1610 1477 1731 1555 haedis3

85 1569 245 1648 baptizat,
268 1570 354 1634 idest
373 1572 473 1647 tingit
498 1573 534 1632 in
557 1587 654 1650 aqua.
670 1571 733 1634 Sed
755 1571 813 1634 ille
828 1569 885 1648 qui
939 1572 1103 1634 secundus
1128 1572 1300 1636 ianitores
1324 1573 1364 1635 de
1385 1574 1506 1650 haedis3
1536 1575 1654 1636 tertius
1674 1591 1731 1636 se-

85 1671 142 1730 est
175 1669 302 1730 medius
328 1671 475 1732 restrum
506 1668 652 1746 baptizat
674 1667 710 1730 in
746 1667 882 1747 Spiritu.
938 1670 1089 1746 gregabit
1121 1685 1199 1732 oves
1229 1670 1269 1733 de
1297 1670 1413 1732 haedis.
1444 1672 1522 1733 Tria
1548 1673 1624 1734 sunt
1650 1672 1734 1750 bap-

85 1766 218 1828 Medius
248 1766 395 1828 vestrum
424 1765 545 1828 dicitur
577 1781 666 1839 esse,
694 1766 771 1843 quia
799 1765 885 1828 sicut
938 1768 1028 1830 tismi
1051 1767 1253 1841 testimonia,
1277 1769 1355 1845 quia
1378 1769 1465 1831 sicut
1485 1768 1566 1832 dicit
1587 1772 1732 1833 Joannes

85 1863 171 1925 dicit
183 1863 518 1940 Apostolus21atpso
530 1865 690 1936 uicimus,
703 1877 885 1924 mooemm
938 1864 1174 1942 evangelista:
1202 1869 1286 1928 Pras
1310 1867 1392 1929 sant
1414 1869 1473 1940 pat
1498 1868 1734 1930 testimoniam

83 1961 125 2022 et
147 1975 280 2022 summ.
306 1957 390 2040 (Act.
417 1975 501 2033 xvn,
530 1959 597 2040 28.)
625 1961 664 2023 Εῖ
685 1960 848 2022 ieremias
874 1973 881 2015 ε
938 1964 1022 2024 dant
1035 1966 1073 2024 m
1085 1967 1179 2036 coeto,
1204 1963 1325 2035 Pater,
1347 1965 1504 2037 Verbum,
1527 1964 1562 2026 et
1579 1966 1734 2039 Spiritus

84 2061 138 2119 Ta
152 2058 269 2120 aretem
294 2061 332 2120 ta
349 2061 445 2120 aeota
459 2071 507 2131 es,
532 2060 687 2130 Domine,
704 2059 739 2119 et
758 2072 884 2119 aemam
937 2061 1095 2122 Sanctus.
1113 2057 1185 2140 (Ep.
1202 2075 1214 2122 1
1235 2061 1332 2123 Joan.
1347 2077 1379 2130 v,
1395 2059 1442 2139 7.)
1458 2061 1541 2132 Quia
1556 2061 1642 2123 sicut
1662 2063 1732 2125 tres

82 2156 649 2232 taumiaeooatamestsaperaos.
662 2153 824 2236 (Jerxrv,
836 2153 882 2235 9.)
938 2171 1089 2233 personae
1108 2156 1186 2218 sunt
1208 2157 1244 2218 in
1262 2171 1330 2218 una
1352 2154 1550 2226 substantia,
1565 2157 1731 2232 videlicet,

82 2255 162 2328 Epo
176 2254 310 2327 baptizo
323 2255 361 2314 ta
372 2267 525 2328 θηται...
541 2251 652 2331 (toan.
668 2268 691 2324 1,
707 2250 774 2332 26.)
938 2255 1049 2328 Pater,
1065 2252 1210 2316 Verbum
1220 2256 1254 2316 et
1270 2254 1414 2331 Spiritus
1430 2255 1581 2327 Sanctus,
1603 2254 1650 2316 ita
1663 2256 1732 2317 tres

127 2349 277 2422 Quatuor
296 2350 403 2411 modis
426 2365 627 2411 renovamur
648 2371 655 2410 ε
673 2352 797 2422 Carae,
824 2364 885 2426 per
939 2351 1133 2413 substantiae
1154 2351 1232 2414 sunt
1255 2352 1292 2412 in
1315 2367 1382 2412 una
1403 2367 1557 2428 persona,
1577 2350 1733 2414 videlicet

81 2446 244 2523 baptismi
267 2445 461 2524 mysterium
483 2445 525 2508 ab
551 2446 707 2523 originali
730 2447 881 2524 peccato;
937 2449 1070 2522 Deitas,
1096 2464 1216 2525 corpus
1249 2449 1282 2510 et
1310 2448 1433 2509 anima.
1459 2449 1560 2510 Pater
1583 2449 1736 2526 perhibet

81 2545 214 2616 Mente,
231 2559 291 2622 per
310 2545 461 2607 veritatis
480 2545 683 2606 intellectum
698 2543 739 2606 ab
758 2543 883 2605 erroris
937 2541 1163 2603 testimonium
1183 2541 1365 2612 filiationis,
1380 2541 1427 2604 ita
1443 2545 1479 2603 ut
1492 2541 1581 2603 dicat
1595 2542 1635 2603 de
1650 2557 1734 2620 quo-

82 2641 185 2717 viti03
203 2643 322 2717 Opere,
338 2657 398 2718 per
412 2641 615 2718 poenitentiae
637 2641 822 2703 remedium
841 2640 882 2702 ab
937 2636 1018 2698 libet
1031 2635 1219 2713 baptizato:
1242 2638 1310 2698 Hie
1323 2637 1376 2698 est
1388 2639 1498 2698 Filias
1511 2651 1610 2699 mem
1630 2641 1734 2700 ditec-

81 2738 211 2800 actuali
224 2738 360 2813 deliot0;
376 2754 476 2802 carne
496 2740 528 2802 et
549 2739 679 2816 spiritu,
693 2754 882 2816 perresur-
938 2736 994 2796 tas
1013 2737 1052 2796 m
1079 2749 1144 2810 pao
1167 2736 1252 2796 milit
1273 2737 1355 2796 oeae
1382 2736 1580 2810 eoaaplaeat.
1614 2731 1731 2814 (Math.

80 2835 246 2898 rectionis
261 2835 383 2898 donum
398 2851 419 2897 a
433 2836 656 2912 corruptionis
670 2835 763 2897 vitio.
778 2836 880 2898 Item:
936 2847 1020 2905 xvn,
1036 2829 1083 2911 5.)

81 2937 161 3009 Epo
190 2935 333 3007 captam.
360 2936 441 2996 Tres
467 2934 544 2994 sunt
568 2933 702 2994 ordines
726 2932 879 3008 testinm3
976 2929 1076 2990 Pater
1095 2928 1176 2990 dicit
1198 2929 1240 2990 ad
1261 2928 1405 3006 Angelos
1424 2929 1465 2990 de
1487 2928 1633 3006 quolibet
1650 2928 1734 3007 bap-
1849 2967 1851 2974 ·

81 3031 229 3108 primus,
255 3030 395 3102 medius,
418 3030 549 3092 tertius.
579 3029 711 3092 Primus
732 3031 879 3104 incaelo,
935 3027 1035 3088 tizato
1047 3025 1084 3088 in
1099 3026 1173 3100 dde,
1190 3027 1224 3088 θῖ
1236 3025 1393 3102 baptismi
1406 3025 1632 3108 innocentiam
1651 3041 1732 3088 con-

81 3127 215 3189 medius
242 3128 279 3190 in
304 3127 463 3200 Ecclesia,
492 3127 628 3189 ultimus
651 3127 687 3188 in
710 3127 812 3190 terra.
835 3129 882 3190 De
936 3124 1183 3186 servante:Hic
1197 3122 1730 3200 estdliusmens3quasidiceret:

80 3225 194 3302 primo
222 3224 287 3286 dici
306 3224 413 3301 potest
440 3246 448 3284 ι
473 3227 511 3286 In
545 3240 602 3286 ore
627 3225 728 3286 trium
747 3224 881 3286 testium
935 3223 1031 3284 Hnno
1045 3220 1206 3283 custodite
1220 3219 1496 3296 tanquamfilium
1510 3235 1621 3282 meum
1640 3219 1728 3282 eine

80 3320 178 3382 stetit
200 3336 296 3383 omne
319 3321 467 3383 verbnm.
492 3323 538 3383 De
567 3322 711 3382 secundo
733 3337 740 3382 :
764 3323 803 3382 In
822 3335 880 3382 ore
935 3317 1020 3379 sorte
1048 3317 1169 3395 putetis
1198 3316 1475 3379 contemnendum
1504 3316 1582 3393 quia
1609 3316 1730 3378 ridetis
1794 3317 1797 3324 ’

80 3419 188 3480 trium
201 3419 335 3480 testium
347 3419 412 3494 stat
425 3434 522 3480 omne
533 3417 682 3480 verbnm.
699 3420 746 3479 De
760 3417 878 3479 tertio:
935 3429 1010 3475 enm
1026 3429 1163 3490 corpore
1178 3413 1310 3474 mortali
1332 3412 1583 3476 circumdatum.
1608 3414 1731 3475 Scitote

80 3519 122 3576 ln
137 3530 195 3576 ore
211 3515 313 3577 trium
335 3516 470 3578 testium
493 3515 594 3577 stabit
613 3531 710 3576 omne
729 3513 878 3576 verbum.
935 3525 1008 3572 θεεθ
1028 3510 1184 3571 dilectum
1206 3510 1261 3570 cui
1286 3509 1390 3585 gratis
1414 3508 1539 3570 contuli
1559 3499 1732 3570 remissio-

78 3613 234 3674 Primum
244 3613 353 3689 aperit
361 3616 506 3675 ioannes
516 3613 551 3673 in
562 3611 710 3689 Epistola
719 3611 880 3673 canonica
934 3623 1010 3669 nem
1024 3606 1251 3684 peccatorum,
1277 3607 1310 3668 et
1330 3604 1519 3680 largitatem
1534 3606 1728 3680 gratiarum.

78 3711 200 3771 dicens
216 3714 320 3772 :Tres
333 3712 415 3772 sarit
433 3713 492 3784 pat
509 3710 743 3772 testimoniam
761 3711 881 3785 perm·
934 3703 1039 3765 Filius
1057 3703 1211 3781 perbibet
1230 3701 1456 3765 testimonium
1476 3702 1728 3781 corporationis.

78 3808 210 3868 berztm
224 3813 306 3870 ooeto
320 3807 401 3869 atta
416 3808 524 3880 tarra,
544 3807 655 3868 Pater
675 3807 710 3868 et
722 3809 832 3868 Ftttas
846 3806 880 3868 at
934 3803 1056 3864 Omnes
1086 3802 1175 3863 enim
1203 3800 1369 3862 veraciter
1401 3798 1577 3861 christiani
1598 3815 1728 3875 sumns;

75 3904 237 3979 speratas
254 3904 411 3966 Sanctus.
426 3901 454 3983 (1
468 3906 565 3966 Joan.
579 3919 613 3975 v,
634 3900 740 3982 7.)1)e
764 3903 879 3964 ultimo
935 3914 1038 3960 unum
1052 3914 1171 3975 corpus
1190 3897 1323 3968 Christi,
1347 3895 1604 3972 singultantem
1625 3913 1731 3960 mem-

77 4017 214 4080 quoqne
238 4001 410 4078 subjunxit
430 4022 437 4062 :
456 4005 539 4062 Tres
559 4001 640 4061 earet
654 4003 712 4074 pat
732 4001 881 4061 testimo-
934 3994 1005 4058 bra.
1023 3994 1118 4058 Unde
1131 3993 1308 4072 Apostolus
1324 4014 1331 4053 :
1347 3993 1492 4054 Smatm
1506 4007 1574 4056 aaa
1585 4007 1730 4068 corpore

77 4101 182 4160 retiam
189 4100 371 4174 peramat
380 4102 418 4160 m
433 4098 532 4160 terra
544 4112 554 4155 :
567 4097 730 4172 Spiritus,
746 4111 836 4171 apua
846 4096 880 4158 et
934 4092 1043 4154 matta
1065 4094 1221 4154 memora
1254 4092 1431 4161 babemus,
1470 4092 1588 4150 omma
1612 4091 1730 4152 autem

75 4199 236 4272 sappam.
248 4193 388 4274 (ibidv,
402 4197 431 4256 8.
431 4195 448 4274 )
459 4194 588 4256 Medius
600 4193 680 4255 ordo
694 4193 771 4256 sunt
779 4197 880 4269 Apos—
934 4189 1091 4250 memora
1110 4201 1180 4249 aaa
1200 4189 1359 4250 eamdem
1383 4185 1498 4246 actam
1520 4186 1660 4258 babeam
1679 4185 1731 4248 tta

76 4293 154 4364 toli,
172 4294 336 4370 Martyres
357 4293 390 4354 θῖ
405 4291 628 4353 confessores.
649 4293 696 4352 Ι)θ
713 4289 879 4367 apostolis
933 4285 1034 4348 matti
1047 4298 1156 4346 amam
1169 4297 1296 4358 corpas
1307 4296 1428 4344 suarm
1442 4283 1480 4342 ta
1494 4283 1639 4353 cbristo,
1651 4284 1729 4343 sm·

78 4389 295 4451 dictumest:
315 4389 491 4451 Veseritis
507 4391 592 4450 miae·
606 4389 709 4449 testes
734 4391 772 4448 ta
786 4389 881 4448 amm·
934 4385 1005 4459 patr·
1018 4381 1135 4444 autem
1156 4379 1246 4444 atter
1267 4379 1412 4442 artemas
1432 4381 1599 4440 memora.
1619 4376 1727 4456 (Rom.

77 4489 206 4548 ercea
226 4487 260 4548 et
274 4489 436 4549 Samaria
460 4486 494 4548 et
521 4499 628 4559 usqae
652 4487 697 4546 ad
721 4486 880 4546 ultimam
933 4493 995 4553 111,
1024 4482 1054 4552 e,
1081 4476 1359 4558 specierumque
1389 4490 1470 4551 ergo
1494 4474 1572 4536 sunt
1604 4475 1641 4536 in
1665 4474 1729 4536 fide

80 4587 205 4646 terrae.
222 4581 307 4662 (Act.
323 4599 346 4656 1,
361 4581 419 4662 8.).
436 4582 586 4645 Etalibi:
606 4583 739 4643 Vtrtate
753 4596 881 4658 mappa
934 4577 1102 4654 baptizati,
1119 4575 1229 4638 effecti
1243 4577 1321 4636 sunt
1331 4572 1478 4634 membra
1488 4571 1623 4633 Christi.
1636 4572 1730 4634 Unde
1808 4599 1817 4612 =

80 4682 272 4742 reddebant
292 4679 442 4755 Apostoli
458 4681 692 4742 testimoniam
705 4693 881 4741 resurrec-
936 4673 1006 4750 ipse
1019 4673 1104 4735 dixit
1118 4672 1158 4733 de
1173 4673 1221 4734 eis
1238 4692 1245 4732 ε
1265 4675 1340 4733 Hoc
1353 4685 1445 4732 mame
1469 4683 1507 4732 os
1532 4673 1574 4730 aa
1599 4672 1731 4731 ossibus

81 4779 190 4840 tionis
210 4779 294 4840 Jesa
309 4778 447 4840 Christi.
466 4773 550 4855 (Act.
571 4791 619 4850 1v,
635 4773 701 4855 33.)
717 4777 880 4853 Martyres
936 4773 1022 4834 mets
1039 4772 1072 4832 et
1090 4784 1175 4832 caro
1194 4772 1235 4832 de
1255 4783 1362 4832 carae
1381 4782 1471 4829 mea.
1488 4764 1585 4845 (Gen.
1609 4781 1646 4838 11,
1662 4764 1731 4844 23.)

81 4875 159 4950 ipso
178 4875 313 4940 nomine
335 4875 435 4936 testes
456 4872 660 4950 judicantur,
684 4872 762 4950 qnia
785 4873 882 4934 anto-
937 4859 1733 4945 spiritussanctuspernioettesnmoniumsanc·
1854 4937 1857 4942 Ι

82 4971 269 5033 nomastico
284 4987 404 5032 nomen
419 4972 576 5046 generale
587 4970 650 5032 sibi
664 4970 882 5047 spiritualiter
935 4963 1148 5032 tilicationis,
1186 4963 1265 5041 qnia
1295 4961 1493 5040 quicumque
1527 4961 1563 5021 in
1600 4960 1732 5024 Christo

82 5067 310 5139 vindicarunt,
335 5069 414 5146 quia
438 5084 504 5130 non
524 5069 630 5130 solum
644 5067 808 5146 loquendo
824 5065 880 5128 sed
936 5062 1092 5140 baptizati
1105 5063 1192 5134 sunt,
1209 5060 1361 5139 spiritum
1385 5057 1659 5121 sanctificationis
1674 5075 1732 5120 re-

81 5167 187 5228 etiam
208 5165 380 5228 moriendo
395 5165 539 5228 confessi
557 5165 642 5226 sunt.
668 5164 881 5227 consessores
937 5161 1074 5240 cipiunt,
1093 5159 1188 5221 itaut
1210 5157 1355 5220 habeant
1380 5157 1522 5233 gratiam
1544 5155 1629 5217 bene
1653 5171 1734 5233 ope-

82 5263 280 5325 verotestes
301 5278 375 5326 esse
396 5263 541 5325 ostendit
563 5263 722 5324 Dominus
744 5261 882 5338 loquens
937 5258 1045 5331 randi,
1071 5258 1104 5319 et
1124 5259 1192 5318 Ι)θο
1212 5255 1377 5332 placendi.
1408 5253 1502 5316 Unde
1529 5253 1731 5330 Apostolus:

83 5359 253 5421 Ezechieli
290 5382 297 5420 :
335 5363 403 5423 Fitt
434 5363 591 5432 bominis,
628 5359 883 5435 Speculatorem
936 5359 1092 5432 Repaam
1109 5352 1526 5426 tmmoottesaeotpteates.
1540 5349 1655 5428 (liebr.
1670 5365 1731 5422 111,

83 5460 165 5519 aedi
187 5459 219 5519 te
245 5461 361 5522 domm
384 5462 507 5520 Israel.
537 5459 585 5519 Ta
606 5460 727 5519 audies
750 5471 796 5517 ere
822 5470 882 5518 ore
936 5450 1003 5532 28.)
1033 5453 1237 5528 Quicumque
1257 5448 1445 5526 baptizatur
1468 5448 1503 5508 in
1532 5447 1624 5519 Fide,
1652 5463 1732 5507 sns-

84 5569 164 5615 meo
182 5559 335 5627 verbam,
361 5557 395 5618 et
419 5555 640 5625 coattestabts,
667 5559 721 5616 oet
741 5567 881 5615 amana·
937 5549 1018 5628 cipit
1031 5564 1171 5625 regnum
1195 5545 1376 5619 immobile,
1401 5544 1497 5617 idest,
1515 5559 1652 5621 regnum
1666 5559 1735 5606 coe·

83 5652 190 5711 ttadts
215 5654 265 5712 ets
292 5666 339 5712 aer
364 5667 430 5713 me.
459 5649 591 5729 (Erech.
619 5665 740 5721 xxxin,
774 5647 821 5727 7.)
844 5649 883 5711 Εῖ
938 5645 1032 5717 leste,
1056 5647 1173 5724 dequo
1197 5643 1319 5707 dicitur
1343 5644 1377 5703 in
1396 5641 1734 5716 Evangelioneatte
