4004 6302
293 359 354 424 755
757 363 932 431 HONORII
955 363 1000 426 Ill
1022 366 1170 434 orbita.
1185 395 1227 412 -·
1241 363 1474 430 sandonus.
1882 371 1932 433 756

335 521 415 595 Quis
430 521 472 584 ab
487 537 527 588 eo
542 523 631 586 tutus
646 524 697 586 est
718 523 833 586 locust
848 528 927 597 Quae
942 525 1088 590 claustra
1143 526 1254 590 cratus
1271 527 1320 590 θεῖ
1330 527 1460 605 jejunio
1473 526 1568 604 prius
1588 540 1608 588 a
1631 525 1761 602 Moyse,
1783 527 1890 602 postea
1903 529 1932 591 iu

294 619 347 682 illi
359 635 425 682 non
438 621 515 682 sunt
524 622 637 698 peruia
648 623 660 681 l
670 623 841 698 Nusquam
852 623 902 685 est
914 625 1086 697 securitas,
1143 621 1227 693 Elia,
1243 620 1329 683 idest
1344 621 1460 697 abege
1475 621 1508 682 et
1521 617 1712 696 prophetis,
1730 619 1846 680 deiude
1863 637 1934 682 con-

296 716 428 789 fratres
445 733 551 795 neque
570 718 605 778 in
631 718 724 792 οοθῖο,
742 729 849 797 neque
865 720 899 780 in
920 720 1087 797 paradiso,
1143 719 1292 780 firmatus
1306 734 1325 779 a
1340 717 1483 790 Christo,
1499 717 1558 795 qui
1573 717 1627 778 est
1649 716 1729 778 novi
1748 717 1932 782 Testamenti

294 814 517 877 multominus
533 815 567 877 in
582 817 716 878 mundo.
731 817 777 878 De
793 817 876 880 coelo
897 818 1088 880 enimceci-
1143 815 1240 878 lator.
1268 817 1348 878 Post
1370 816 1593 894 quadraginta
1619 813 1752 876 dierum
1769 816 1931 890 jejunium,

297 912 346 973 dit
359 912 504 988 Angelus
524 912 584 974 sub
605 915 782 990 praesentia
802 915 988 978 divinitatis
1003 919 1087 993 ejus,
1144 917 1275 992 Moyses
1292 916 1343 976 θεῖ
1359 914 1510 990 angelico
1534 911 1708 988 colloquio
1732 911 1930 988 confortatus,

294 1011 399 1072 Adam
414 1010 450 1070 in
463 1011 619 1088 paradiso
632 1012 672 1073 de
691 1012 764 1075 loco
778 1013 969 1091 voluptatis,
986 1016 1004 1076 J
1008 1015 1089 1075 udas
1144 1012 1233 1073 illias
1253 1013 1288 1074 in
1303 1011 1494 1074 fortitudine
1519 1009 1587 1073 cibi
1606 1008 1756 1086 angelici
1771 1011 1857 1070 veuit
1870 1013 1934 1087 post

295 1107 332 1168 in
365 1108 486 1170 mundo
519 1109 560 1170 de
590 1111 705 1172 schola
739 1111 932 1174 salvatoris.
963 1111 1089 1174 Idcirco
1145 1110 1364 1188 quadraginta
1400 1109 1471 1171 dies
1506 1124 1615 1186 usque
1648 1107 1691 1169 ad
1716 1108 1856 1171 montem
1880 1110 1932 1170 bei

295 1204 452 1279 diximus,
469 1200 512 1268 ne'
525 1207 598 1284 quis
609 1207 672 1268 sibi
692 1208 734 1270 de
749 1208 895 1286 quolibet
907 1210 980 1272 loco
993 1210 1091 1272 blan·
1145 1208 1251 1270 Oreb:
1274 1208 1327 1268 Illi
1348 1224 1415 1271 non
1439 1208 1598 1284 leguntur
1620 1205 1786 1278 esurisse,
1809 1209 1845 1266 ut
1858 1209 1934 1268 esset

295 1301 417 1378 diatur,
433 1305 510 1382 quia
525 1305 781 1370 diciturzdocus
795 1309 1087 1382 tstcscuctuscst,
1144 1307 1331 1384 exemplum
1356 1306 1478 1368 divinae
1502 1305 1676 1382 potentiae,
1707 1302 1766 1365 sed
1795 1303 1930 1366 Christus

295 1401 458 1478 quianon
479 1403 572 1464 locus
595 1405 758 1478 homines,
781 1407 837 1467 sed
860 1406 1011 1469 homines
1035 1407 1090 1468 lo-
1141 1404 1305 1482 jejunavit
1315 1404 1485 1477 etesuriit,
1496 1405 1532 1466 ut
1541 1403 1654 1466 celata
1664 1401 1799 1464 diabolo
1816 1418 1934 1478 suapo-

296 1515 371 1560 cum
384 1501 605 1574 sanctificant,
621 1519 687 1564 nou
702 1503 737 1564 in
751 1503 835 1576 loco,
849 1505 952 1565 sedin
968 1505 1089 1566 mente.
1143 1502 1249 1564 tentia
1275 1502 1484 1563 occasionem
1509 1499 1666 1566 tentandi
1695 1498 1827 1561 diabolo
1857 1515 1930 1560 con-

295 1597 358 1658 Hic
372 1589 451 1674 ergo
466 1599 609 1661 tentator
623 1602 691 1662 tam
704 1601 888 1664 sublimiter
903 1601 1043 1664 callidus
1058 1603 1091 1664 et
1144 1599 1256 1661 ferret
1273 1599 1397 1661 Esuriit
1411 1599 1526 1672 etiam,
1544 1599 1625 1676 quia
1641 1597 1792 1660 nostram
1807 1596 1932 1658 salutem

295 1695 452 1772 antiquus
477 1697 618 1760 tentavit
650 1714 716 1760 non
742 1699 909 1762 hominem
937 1701 1090 1779 qualem·
1145 1697 1356 1760 desiderauit.
1373 1698 1453 1758 Plus
1466 1697 1573 1759 noluit
1583 1685 1758 1774 jejunare,
1774 1709 1815 1755 ue
1836 1694 1931 1770 ipsum

298 1807 449 1870 cumque,
472 1795 530 1856 sed
547 1795 655 1872 ipsum
673 1797 848 1858 Dominum
871 1801 995 1871 Jesum,
1022 1815 1090 1860 non
1145 1795 1249 1858 Deum
1272 1796 1417 1857 tentator
1443 1795 1662 1870 intelligeret,
1689 1792 1800 1853 minus
1825 1792 1929 1863 noluit,

295 1891 502 1967 peccatorem
526 1893 583 1954 sed
602 1893 819 1964 salvatorem,
840 1895 896 1973 qui
919 1896 1090 1973 peccatum
1145 1909 1188 1954 ne
1209 1892 1316 1970 ipsum
1333 1895 1436 1954 Deum
1454 1909 1528 1956 esse
1548 1891 1733 1954 baereticus
1754 1889 1928 1966 denegaret.

295 2003 363 2049 non
373 1987 461 2062 lecit,
476 1991 703 2054 necinventus
719 1993 769 2055 est
781 1992 875 2055 dolus
888 1993 924 2054 in
939 2010 996 2056 ore
1007 1997 1088 2072 ejus.
1146 1990 1368 2066 Quadraginta
1382 1989 1496 2052 diebus
1507 1989 1581 2051 cibo
1592 1989 1763 2064 indigens,
1774 1987 1848 2047 dum
1858 2001 1932 2046 mor·

296 2087 489 2150 Praecaveat
499 2089 611 2166 itaque
627 2090 689 2150 sibi
705 2092 858 2167 peccator
877 2090 963 2169 quod
983 2093 1093 2154 tenta·
1145 2089 1257 2151 taliter
1277 2089 1414 2158 viveret,
1429 2087 1606 2166 jeJunavit.
1625 2085 1850 2162 Quadraginta
1865 2084 1929 2144 die-

296 2181 351 2244 tus
365 2185 416 2246 est
429 2185 504 2261 ipse,
517 2187 679 2260 Salvator,
703 2203 764 2250 nec
774 2189 885 2267 justus
900 2189 946 2251 sit
957 2190 1091 2252 omnino
1145 2187 1207 2248 bus
1223 2188 1297 2264 post
1310 2187 1590 2248 resurrectionem
1605 2185 1683 2248 cibo
1708 2200 1774 2245 non
1792 2182 1929 2257 indigens

296 2295 444 2354 securus
471 2283 548 2359 qua
575 2284 720 2347 tentatus
744 2287 794 2348 est
811 2285 881 2363 ipse
907 2290 1005 2349 Deus.
1028 2287 1091 2350 Sed
1147 2301 1221 2346 cum
1245 2284 1417 2361 discipulis
1442 2285 1594 2346 comedit.
1622 2285 1660 2345 ln
1686 2280 1802 2359 primis
1821 2280 1928 2340 docens

296 2393 365 2439 nou
384 2379 536 2456 desperet
554 2380 652 2445 homo
677 2383 816 2461 quilibet
838 2401 912 2447 cum
933 2386 1089 2460 tentatur,
1146 2381 1314 2442 hominem
1337 2380 1373 2440 in
1396 2395 1503 2456 agone
1529 2378 1745 2449 contendere,
1773 2377 1808 2436 in
1828 2375 1928 2435 allisa

297 2475 376 2552 quia
395 2477 540 2540 tentatus
558 2481 609 2542 est
627 2496 688 2558 pro
710 2481 806 2544 nobis
829 2483 900 2560 ipse
926 2483 1089 2557 Salvator,
1146 2477 1349 2542 vanitatibus
1360 2477 1474 2539 saeculi
1485 2477 1669 2550 declinare,
1681 2475 1769 2538 sicut
1780 2473 1929 2534 dicitPro

298 2572 335 2634 ut
357 2589 418 2636 sua
448 2576 631 2639 tentatione
660 2579 810 2642 vinceret
840 2583 1004 2656 nostram,
1035 2582 1092 2659 qui
1146 2576 1265 2655 pheta:
1280 2580 1547 2640 Declinaomolo
1557 2576 1591 2638 et
1604 2577 1664 2650 soc
1675 2577 1799 2636 bortum
1810 2569 1875 2650 (Ps.
1884 2571 1926 2640 36,

298 2687 360 2732 sua
385 2673 491 2734 morte
510 2675 657 2736 nostram
679 2677 830 2753 peremit.
854 2679 1007 2741 Tentauit
1030 2695 1094 2741 au·
1145 2673 1211 2754 27).
1228 2675 1341 2751 ltaque
1357 2673 1557 2736 abstinentia
1574 2672 1712 2734 aliaest
1732 2669 1887 2740 moeroris
1901 2667 1929 2728 et

297 2771 364 2830 tem
390 2785 457 2831 non
480 2771 516 2832 in
539 2771 612 2835 soro
638 2774 696 2834 sed
726 2775 761 2835 in
787 2776 933 2850 deserto,
961 2794 1028 2839 non
1057 2779 1092 2838 in
1147 2774 1215 2834 alia
1233 2772 1358 2848 gaudii.
1373 2771 1535 2844 MaeroriS,
1555 2771 1606 2834 est
1633 2785 1771 2832 carnem
1788 2768 1925 2838 domare;

297 2866 398 2929 trivio
418 2868 477 2930 sed
498 2869 532 2930 in
556 2871 689 2948 templo,
716 2889 783 2934 non
804 2873 843 2935 in
862 2875 950 2936 ualle
974 2875 1092 2936 humili
1146 2870 1260 2946 gaudii
1287 2871 1452 2932 desiderio
1479 2869 1601 2931 suturae
1627 2868 1748 2946 patriae
1773 2863 1927 2928 comedere

298 2963 416 3026 sedin
441 2969 551 3030 monte
580 2969 724 3031 sublimi.
756 2971 844 3033 idem
873 2973 929 3049 qui
954 2973 1093 3035 tentavit
1147 2968 1311 3030 oblivisci.
1340 2968 1576 3030 ermacorae
1608 2967 1765 3029 tentator
1797 2962 1880 3024 dixit
1900 2961 1927 3020 et

297 3061 333 3122 in
360 3063 531 3138 paradiso,
560 3067 700 3130 tentavit
738 3069 773 3129 in
804 3085 926 3131 eremo.
957 3071 1020 3132 Sed
1056 3071 1092 3131 in
1148 3065 1278 3146 (Mattlr.
1294 3081 1341 3137 nv,
1353 3063 1398 3145 3).
1414 3064 1495 3127 visa
1509 3064 1621 3126 esurie
1632 3066 1738 3126 Deum
1751 3077 1815 3122 uon
1824 3056 1923 3128 credit,

296 3157 453 3235 paradiso
472 3161 612 3224 tentavit
632 3164 775 3240 primum
789 3165 894 3226 Adam
908 3167 942 3228 θῖ
958 3166 1089 3239 devicit,
1147 3179 1244 3240 quem
1259 3163 1411 3239 fragilem
1430 3162 1531 3224 videt.
1552 3161 1646 3223 Unde
1666 3161 1782 3224 beatus
1802 3155 1926 3219 AmhrO·

297 3255 333 3316 in
352 3271 463 3319 eremo
487 3258 627 3322 tentavit
651 3263 830 3324 secundum
850 3265 954 3326 Adam
973 3266 1006 3327 et
1029 3266 1092 3327 de·
1147 3263 1216 3323 sius
1227 3261 1395 3332 aitquui
1406 3261 1494 3321 enim
1507 3259 1731 3337 quadraginta
1743 3255 1853 3318 diebus
1864 3267 1925 3312 esu·

296 3352 457 3427 uincitur,
488 3356 566 3433 quia
590 3374 656 3419 non
685 3361 735 3422 est
758 3361 920 3438 potentia,
948 3379 1015 3424 non
1037 3380 1093 3425 sa·
1146 3359 1215 3420 rire
1228 3374 1297 3420 non
1313 3358 1429 3436 potuit,
1446 3357 1590 3420 ostendit
1604 3373 1642 3419 se
1655 3373 1723 3419 non
1738 3355 1842 3416 cibum
1856 3363 1921 3411 cor·

296 3451 434 3527 pientia,
449 3452 483 3515 et
495 3471 562 3516 non
581 3456 632 3518 est
650 3458 825 3520 consilium
845 3461 960 3523 contre
980 3461 1094 3523 Domi·
1147 3473 1275 3535 porum,
1292 3456 1350 3518 sed
1364 3456 1551 3517 animarum
1566 3457 1714 3517 esurisse
1729 3451 1870 3514 salutem.
1891 3443 1923 3506 Et

296 3564 387 3609 num.
412 3551 487 3612 Non
511 3552 555 3614 sit
582 3569 661 3630 ergo
691 3557 872 3618 monachus
896 3575 1033 3621 securus
1057 3559 1092 3620 in
1147 3557 1204 3632 qui
1228 3556 1298 3618 tum
1319 3555 1446 3628 esuriit,
1472 3553 1615 3615 ostendit
1634 3569 1671 3616 se
1696 3565 1807 3614 veram
1826 3559 1924 3608 susee-

299 3645 456 3719 cIaustrn,
478 3665 545 3710 non
575 3651 619 3712 sit
649 3654 787 3715 eremita
807 3671 943 3717 securus
970 3657 1005 3717 in
1032 3673 1091 3717 so·
1147 3653 1236 3730 pisse
1270 3652 1487 3714 humanitatis
1520 3652 1687 3713 naturam.
1710 3667 1728 3711 s
1750 3643 1923 3709 Movcbatur
1975 3675 1976 3678 =

297 3741 448 3816 litudine,
472 3745 549 3822 quia
567 3748 713 3810 tentatus
737 3749 787 3812 θεῖ
807 3751 911 3813 Adam
931 3753 966 3814 in
987 3769 1090 3831 para·
1147 3750 1299 3811 diabolus
1314 3749 1534 3826 quadraginta
1547 3750 1677 3811 dierum
1685 3745 1824 3826 jejunio.
1840 3739 1921 3802 Scie-

298 3838 382 3900 diSO·
1146 3846 1202 3909 bat
1222 3847 1271 3908 tot
1292 3845 1408 3907 diebus
1425 3863 1529 3924 aquas
1549 3846 1663 3924 abyssi
1686 3845 1817 3914 effusas,
1836 3838 1865 3899 et
1882 3833 1921 3896 tot

338 3937 490 4002 Tentavit
511 3941 611 4002 etiarn
632 3959 699 4004 non
721 3945 794 4022 post
815 3947 1015 4022 convivium,
1033 3947 1099 4010 sed·
1147 3944 1353 4022 exploratam
1367 3945 1503 4015 terram,
1518 3944 1552 4006 et
1565 3945 1702 4006 totidem
1717 3937 1920 4018 Moysilegem

298 4037 374 4112 post
385 4039 563 4114 jejunium,
588 4057 654 4102 non
668 4043 743 4119 post
757 4047 927 4120 peccatum
945 4047 1003 4108 sed
1019 4049 1093 4125 post
1147 4043 1317 4105 aDomino
1328 4043 1450 4116 datam,
1466 4043 1667 4120 totidemque
1681 4041 1777 4106 annis
1787 4037 1865 4098 tilios
1878 4033 1918 4091 ls-

167 4221 171 4227 .
297 4132 507 4211 baptismum.
526 4139 609 4210 Quia
624 4141 730 4216 magis
747 4143 881 4219 insistit,
901 4145 1032 4222 satagit,
1059 4147 1093 4208 θῖ
1146 4141 1216 4203 rael
1248 4141 1285 4202 in
1314 4157 1424 4202 eremo
1455 4156 1540 4218 pane
1567 4141 1770 4216 Angelorum
1796 4131 1914 4196 vixisse.

297 4231 437 4306 laborat,
454 4235 491 4296 ut
504 4235 641 4299 seducat
652 4238 719 4300 tam
735 4257 890 4317 magnum
906 4259 1004 4320 quam
1019 4260 1092 4321 par·
1146 4239 1282 4302 Viderat
1292 4239 1422 4300 stellam
1432 4240 1464 4301 et
1474 4241 1601 4315 Magos,
1614 4234 1767 4299 audierat
1776 4235 1917 4296 loannem

297 4343 387 4404 vum,
394 4333 520 4410 justum
530 4350 627 4410 quam
637 4336 786 4413 impium,
800 4339 983 4416 sapientem
994 4357 1091 4420 quam
1147 4337 1344 4400 clamantem
1357 4339 1438 4399 :Hic
1447 4337 1498 4398 est
1510 4341 1628 4414 Agnus
1641 4332 1820 4414 bettioan.
1832 4320 1915 4398 1‚29)‚

298 4428 437 4502 fatuum,
455 4430 491 4492 ut
505 4431 539 4492 in
553 4433 744 4496 seductione
766 4437 878 4512 magni
892 4438 1092 4502 seducantur
1146 4434 1299 4497 audierat
1319 4433 1508 4513 prophetas,
1531 4433 1657 4495 sciebat
1671 4429 1832 4494 Christum·
1845 4433 1917 4484 ven-

298 4525 332 4587 et
354 4527 460 4604 parvi,
485 4528 519 4588 in
539 4529 731 4593 seductione
741 4534 824 4610 justi
841 4535 1043 4598 seducantur
1059 4540 1093 4600 et
1147 4535 1278 4609 turum;
1304 4532 1362 4594 sed
1386 4533 1520 4609 propter
1539 4546 1633 4592 suam
1651 4527 1832 4608 superbiam
1853 4531 1916 4623 eree

297 4623 403 4699 impii,
433 4623 467 4685 in
495 4626 687 4690 seductione
708 4630 876 4706 sapientes
891 4632 1092 4696 seducantur
1147 4631 1225 4693 dere
1239 4631 1357 4703 noluit,
1370 4631 1446 4707 quia
1460 4645 1525 4692 nou
1541 4629 1712 4691 humiliari
1725 4626 1779 4688 sed
1794 4617 1916 4684 exalterl

298 4720 332 4782 et
345 4719 438 4784 latui.
456 4726 614 4787 Inmonte
634 4727 767 4789 excelso
784 4729 935 4806 permisit
955 4747 991 4794 se
1014 4733 1091 4794 ten·
1146 4728 1261 4800 voluit,
1288 4729 1375 4788 sicut
1397 4727 1519 4804 legitur
1541 4727 1578 4788 in
1602 4727 1706 4788 isaia:
1729 4729 1854 4788 Pouom
1871 4725 1916 4772 se-

296 4817 362 4878 tari
379 4822 415 4881 ut
431 4822 629 4897 ostenderet,
655 4841 691 4886 se
704 4841 777 4888 esse
793 4829 915 4903 Regem
930 4845 1045 4906 regum
1060 4831 1093 4895 et
1146 4830 1224 4889 dem
1242 4841 1357 4887 meam
1378 4827 1586 4900 coopertione
1605 4825 1640 4886 et
1658 4839 1719 4888 ero
1737 4811 1916 4884 remcort-

296 4915 472 4976 Dominum
493 4917 746 4983 dominantium.
774 4927 869 4986 Mons
895 4927 959 4988 iste
985 4929 1093 4990 ambi·-
1148 4926 1280 4986 ttssbno
1309 4921 1366 5002 (Is.
1392 4939 1461 4995 xuv,
1487 4909 1913 5003 13‚14).beumexanim0

281 5087 284 5095 ,
297 5009 422 5073 tionem
440 5014 616 5090 significat,
640 5019 718 5095 quia
739 5021 810 5096 ipse
828 5023 868 5083 de
888 5028 999 5096 monte
1013 5027 1090 5100 isto,
1147 5038 1207 5084 suo
1218 5021 1375 5099 judicans
1389 5037 1456 5082 non
1470 5020 1540 5098 pati
1552 5020 1637 5081 velle
1650 5021 1686 5080 in
1700 5009 1912 5080 infirmitatem,

297 5107 393 5183 idest,
417 5112 457 5172 de
481 5113 660 5175 ambitione
682 5117 802 5180 cecidit
819 5120 853 5181 et
871 5121 956 5182 alios
971 5125 1091 5186 multos
1149 5120 1211 5181 Sed
1227 5135 1301 5182 cum
1316 5119 1397 5181 talia
1417 5117 1615 5180 videbantur
1628 5133 1756 5194 magna,
1772 5125 1831 5173 non
1852 5113 1912 5165 eum

296 5209 507 5286 praecipitare
521 5211 611 5274 lacit.
624 5214 661 5274 lu
674 5215 817 5276 montem
828 5217 929 5288 ducit,
938 5220 1015 5296 quia
1026 5237 1093 5284 am·
1146 5216 1405 5280 tamencredidit
1415 5202 1912 5306 esseueum,etnocfaciebatejus

296 5303 378 5367 bitlo
393 5307 461 5368 alta
476 5309 567 5385 petit.
1147 5315 1312 5394 superbia.
1330 5314 1515 5376 Videndum
1530 5315 1625 5376 estin
1639 5330 1703 5392 qua
1717 5309 1836 5391 specie:
1861 5301 1910 5359 Dl-

336 5404 521 5467 Videndum
544 5407 594 5469 est
619 5409 749 5487 quando
773 5413 925 5489 permisit
950 5429 985 5476 se
1012 5416 1091 5479 ten·
1147 5415 1225 5476 cunt
1252 5413 1384 5491 quidam
1404 5412 1490 5490 quod
1514 5413 1549 5474 in
1572 5411 1682 5489 specie
1700 5404 1834 5473 hominis
1853 5395 1912 5457 dia-

296 5500 452 5564 tari.Hoc
465 5503 788 5583 dicitilvangelium:
806 5513 1092 5585 oacmjejucasset
1146 5513 1241 5574 bolus
1259 5511 1424 5590 apparuit,
1445 5510 1531 5589 quod
1558 5510 1756 5607 credendum
1782 5502 1834 5566 est.
1857 5487 1909 5602 flffi

297 5603 529 5678 quodraginta
542 5606 658 5666 dicbzm
677 5606 711 5668 ct
731 5611 962 5686 quadruplata
983 5616 1093 5676 uoctt-
1147 5611 1260 5673 dicunt
1285 5609 1370 5689 quod
1388 5609 1475 5672 totus
1497 5609 1531 5671 in
1556 5624 1616 5670 sua
1636 5603 1812 5670 substantia
1836 5601 1910 5656 usin¹

298 5697 359 5759 bris
383 5693 512 5778 (niatu.
541 5701 660 5782 1v,·2).
699 5705 761 5768 Hic
789 5723 946 5771 numerus
975 5727 1092 5776 conse-
1146 5709 1205 5771 est.
