4004 6302
267 359 327 434 82³
728 349 904 425 HONORII
926 359 971 423 ΙΙΙ
992 357 1139 424 OPERA.
1157 391 1196 406 -
1212 360 1444 426 SERMONES.
1856 364 1930 426 824

267 521 424 599 cogitant.
439 519 533 586 Unde
542 521 737 600 Apostolus:
753 523 898 585 Primus
909 524 1007 585 acmo
1019 523 1060 586 dc
1114 519 1179 582 lem
1203 522 1345 600 quatuor
1363 519 1463 584 hahet
1486 519 1603 595 latera,
1625 519 1805 584 secundum
1827 523 1926 602 quod

267 619 367 682 terra
397 621 569 689 terrenus,
595 623 763 682 semotius
788 624 887 682 liouw
910 623 951 681 de
978 625 1061 681 caelo
1113 617 1197 680 vidit
1216 619 1362 682 Joannos
1383 619 1421 681 in
1439 619 1650 697 Apocalypsi.
1683 622 1792 683 Unum
1824 621 1924 682 latus

267 718 413 779 coelestis
431 714 460 796 (I
484 719 557 778 Cor.
580 733 635 790 xv,
663 715 727 796 47).
756 717 869 788 Qualis
894 717 1057 789 terrenus,
1114 715 1164 777 ost
1183 716 1369 792 prudentia,
1393 716 1483 778 aliud
1511 718 1563 779 est
1585 718 1817 795 temperantia,
1843 722 1928 780 ter-

267 813 352 875 tales
367 817 399 876 et
416 811 553 888 terreni,
571 815 604 876 et
620 814 728 892 qualis
748 813 902 888 coelestis,
922 814 1005 876 tales
1028 814 1061 875 et
1115 813 1197 875 tium
1220 812 1388 888 fortitudo,
1412 815 1446 876 et
1470 814 1623 893 quartum
1643 815 1788 892 justitia.
1817 817 1925 877 Felix

268 901 429 972 coelestes.
1114 909 1226 970 anima
1238 925 1311 987 quae
1326 910 1426 972 habet
1445 911 1506 973 has
1529 911 1681 984 virtutes,
1698 914 1752 974 oui
1766 913 1926 989 pruden-

306 1007 437 1069 Primus
459 1007 558 1069 homo
587 1006 651 1071 luit
672 1008 788 1081 adam,
810 1005 973 1070 secundus
998 1008 1061 1070 luit
1114 1007 1162 1068 tia
1175 1007 1231 1068 dat
1242 1008 1417 1069 consilium
1427 1009 1462 1069 in
1475 1007 1594 1082 dubiis,
1609 1010 1687 1086 quia
1699 1009 1860 1072 discernit
1873 1009 1922 1070 ab

266 1103 427 1166 Christus.
456 1105 588 1166 Primus
623 1105 721 1168 homo
747 1106 809 1167 luit
836 1107 1004 1178 terrenus,
1028 1107 1061 1167 et
1114 1104 1288 1166 inutilibus
1303 1105 1410 1178 utilia,
1436 1106 1470 1167 et
1492 1104 1588 1168 docet
1609 1107 1686 1183 quid
1710 1107 1754 1168 sit
1769 1123 1925 1184 sequen·-

266 1197 307 1262 da
337 1202 438 1275 terra,
464 1202 542 1279 quia
575 1203 729 1280 quaesivit
754 1204 898 1276 terrena,
926 1204 959 1266 et
985 1204 1059 1266 ideo
1115 1202 1203 1276 dum,
1227 1203 1306 1280 quid
1338 1202 1570 1280 rejiciendam.
1602 1206 1833 1281 Temperantia
1858 1205 1923 1266 dat

265 1298 374 1375 qualis
396 1298 458 1361 luit
476 1299 557 1378 ipse,
581 1301 666 1362 tales
690 1301 768 1363 sunt
797 1301 894 1362 modo
916 1302 1057 1374 terreni,
1114 1298 1325 1376 refrigerium
1337 1299 1379 1362 ab
1398 1300 1538 1373 illicitis,
1556 1301 1634 1378 quia
1655 1301 1731 1364 linit
1745 1301 1918 1364 desideria

265 1393 362 1470 idest,
382 1396 429 1458 ita
454 1398 719 1474 prevaricantur
745 1383 909 1476 precepta
931 1399 1001 1470 Dei,
1019 1397 1061 1459 si·
1113 1395 1243 1470 illicita,
1258 1413 1325 1458 non
1337 1397 1424 1460 cedit
1434 1398 1720 1475 promissionibus,
1735 1414 1802 1460 non
1814 1400 1922 1460 emol-

265 1493 321 1555 cut
350 1494 432 1570 ipse.
470 1494 640 1558 Secundus
671 1496 770 1557 homo
805 1495 868 1556 init
902 1497 942 1557 de
977 1495 1059 1558 ooelo
1114 1494 1195 1555 litur
1214 1494 1396 1557 blanditiis.
1422 1495 1594 1558 Fortitudo
1616 1495 1672 1558 dat
1694 1495 1858 1558 auxilium
1878 1497 1919 1557 in

266 1589 421 1664 coelestis,
441 1591 519 1668 quia
540 1591 688 1654 coelestia
711 1593 910 1670 concupivit,
930 1593 963 1655 et
984 1593 1060 1656 ideo
1115 1590 1274 1665 adversis,
1292 1593 1370 1670 quia
1386 1593 1514 1656 resistit
1525 1593 1635 1667 minis,
1652 1593 1868 1666 cruciatibus,
1880 1594 1918 1655 et

265 1686 373 1763 qualis
392 1687 474 1764 ipse,
489 1687 574 1749 tales
594 1689 627 1750 et
645 1689 807 1764 coelestes,
826 1689 922 1763 idest,
947 1706 1059 1751 omnes
1115 1687 1255 1762 damnis„
1279 1691 1313 1750 et
1335 1688 1436 1752 fortes
1455 1689 1534 1752 facti
1558 1690 1720 1753 resistunt
1745 1707 1849 1768 usque
1870 1691 1916 1754 ad

264 1781 344 1844 honi
383 1785 539 1846 similiter
581 1786 772 1849 desiderant
812 1787 971 1849 coelestia.
1013 1791 1060 1850 De
1115 1785 1310 1861 sanguinem
1341 1787 1374 1849 ct
1404 1787 1554 1850 mortem.
1576 1788 1711 1851 lustitia
1736 1788 1851 1864 dirigit
1877 1789 1916 1849 in

264 1880 387 1942 mundo
402 1881 489 1954 sunt,
506 1881 562 1959 qui
573 1882 715 1958 diligunt
729 1885 954 1946 tantummodo
969 1901 1061 1945 mun·
1115 1881 1288 1955 iaciendis,
1302 1883 1380 1960 qnia
1396 1885 1527 1961 justitia
1541 1885 1692 1961 indigent
1714 1885 1765 1946 illi
1784 1886 1841 1962 qui
1856 1901 1917 1946 se-

180 1991 185 2002 ’
265 1975 362 2038 dana.
389 1979 482 2040 Unde
497 1979 655 2040 Dominus
671 1979 704 2040 in
720 1982 920 2057 Evangelioz
939 1986 1003 2044 Vos
1019 1985 1060 2044 de
1114 1984 1261 2057 quuntur
1288 1982 1486 2057 spontanea.
1510 1983 1645 2045 lustitia
1675 1983 1726 2044 est
1748 1983 1915 2046 rectitudo

265 2076 327 2136 ltoo
347 2079 474 2137 mundo
493 2078 587 2138 estis.
611 2081 684 2153 Epo
701 2079 818 2140 autem
838 2093 907 2140 uon
920 2091 999 2141 sum
1018 2081 1059 2142 tle
1114 2076 1324 2150 voluntatis,
1340 2093 1414 2155 qnae
1447 2095 1509 2140 noc
1541 2079 1631 2140 amat
1662 2095 1811 2156 peccare,
1848 2096 1915 2141 nec

267 2171 674 2253 hosmundo(loan.v111,
690 2173 755 2253 23).
1115 2175 1248 2250 peccato
1284 2176 1482 2237 consentire.
1515 2176 1650 2238 lustitia
1686 2177 1719 2238 et
1752 2176 1912 2242 fortitudo

1114 2271 1148 2332 in
1164 2287 1200 2332 se
1219 2271 1342 2333 habent
1362 2273 1577 2342 voluntatem,
1604 2273 1683 2350 quia
1702 2272 1793 2350 J'usta
1814 2274 1914 2338 debet

517 2429 521 2438 ,
1114 2384 1189 2430 esse
1204 2369 1237 2430 et
1248 2368 1353 2431 sortis.
1370 2369 1550 2431 Prudentia
1563 2373 1597 2432 et
1613 2371 1832 2447 temperantia
1855 2388 1914 2433 se-

609 2439 720 2527 ΧΧΠ
1113 2465 1187 2526 dem
1202 2465 1324 2529 habent
1342 2467 1378 2527 in
1397 2467 1537 2539 ratione,
1563 2467 1641 2545 quia
1664 2468 1750 2529 ratio
1764 2468 1910 2545 prudens

1114 2579 1187 2625 esse
1217 2563 1314 2627 debet
1347 2564 1381 2626 et
1413 2564 1666 2642 temperantiam
1694 2564 1829 2626 hahere.
1858 2566 1907 2626 ad

319 2641 525 2704 DOMINICA
544 2643 590 2706 ῙΝ
612 2645 742 2706 RAMIS
764 2645 1002 2708 PALMARUM
1113 2659 1376 2722 hanccivitatem
1391 2660 1645 2739 expugnandam
1663 2662 1826 2723 venenant
1843 2665 1911 2723 Ba-

268 2763 271 2770 '
1113 2756 1249 2834 hylonii,
1265 2758 1360 2831 idest,
1375 2759 1553 2820 daemones.
1561 2758 1707 2836 Babylon
1720 2759 1809 2820 enim
1825 2775 1907 2820 con-

306 2853 416 2918 Quum
438 2857 747 2931 appropinquasset
765 2859 868 2920 Jesus
888 2859 1060 2932 lerosolu-
1113 2853 1201 2916 lusio
1221 2855 1470 2932 interpretatur.
1494 2855 1589 2917 Unde
1603 2856 1810 2933 Apostolus.
1802 2877 1809 2892 ·
1831 2859 1912 2919 Nou

265 2950 344 3022 ucis,
375 2951 410 3012 et
436 2953 585 3015 recuset
610 2954 805 3031 serapione
839 2957 883 3015 aa
906 2955 1060 3016 nwutem
1113 2952 1165 3013 est
1187 2955 1283 3014 uoots
1307 2953 1496 3014 connotatio
1526 2956 1695 3014 caumas
1712 2965 1854 3015 carnem
1876 2953 1911 3014 et

265 3047 391 3119 oltoett,
415 3048 560 3110 tunel
510 3053 592 3110 mist
560 3050 713 3112 stittuos
731 3054 921 3125 dtsctpulos,
945 3053 1060 3113 alceus
1112 3049 1238 3122 scaeui
1238 3061 1329 3118 uem,
1345 3047 1552 3108 sectantum
1561 3050 1911 3122 uacuusprtncues

265 3145 336 3202 ets:
351 3143 454 3205 ilem
465 3146 650 3220 castellum
667 3150 754 3220 cuod
766 3147 959 3209 contraeas
969 3149 1057 3209 est
1113 3143 1146 3205 ct
1156 3144 1346 3217 potestates
1360 3145 1584 3206 tenebrarum
1605 3148 1732 3206 aarum
1747 3143 1843 3224 (Epir.
1859 3160 1907 3218 rr,

266 3233 385 3316 (Maro.
400 3255 448 3312 xr,
464 3237 508 3318 1).
1114 3237 1177 3318 12).
1191 3239 1233 3300 Η1
1248 3239 1305 3302 aut
1306 3255 1358 3301 em
1371 3255 1501 3317 semper
1517 3240 1558 3302 ad
1577 3241 1725 3303 nostram
1740 3241 1908 3303 confusio·

307 3336 422 3413 Saepe'
413 3353 448 3397 1n
469 3337 649 3415 scripturis
667 3339 778 3401 anima
794 3356 854 3417 pro
872 3341 1058 3404 Jerusalem
1113 3352 1188 3398 nem
1206 3337 1357 3413 tendunt,
1383 3339 1498 3400 contra
1519 3354 1601 3415 quos
1623 3354 1723 3400 orans
1744 3339 1908 3400 ieremias

266 3430 460 3508 designatur
473 3433 637 3511 humana,
654 3454 728 3515 quae
740 3438 781 3500 ad
798 3437 862 3500 hoc
881 3455 900 3500 a
920 3439 1059 3501 Domino
1113 3434 1160 3494 ait
1176 3455 1183 3494 τ
1200 3436 1464 3510 rotundaretur
1487 3439 1546 3509 Qui
1565 3449 1620 3498 rue
1636 3437 1906 3512 Perlssdllwllw'»

266 3532 379 3592 creata
393 3531 608 3609 dignoscitur,
625 3535 662 3596 ut
676 3551 750 3595 cum
775 3551 814 3597 eo
836 3540 1006 3612 perpetua,
1030 3537 1058 3597 si
1113 3533 1145 3592 et
1160 3545 1228 3592 uon
1239 3534 1433 3606 confundat*
1446 3547 1508 3608 6110
1518 3531 1599 3611 Uer·
1615 3547 1685 3604 XVI,
1703 3531 1766 3612 18)·

263 3642 331 3688 non
346 3632 525 3705 peccasset,
541 3648 621 3708 pace
643 3632 818 3694 frueretur.
826 3635 960 3706 Verum,
976 3649 1060 3710 quo-
1153 3628 1235 3700 Quid
1251 3628 1306 3690 hic
1318 3629 1578 3706 porBethphage
1590 3629 1840 3706 intelligendum
1852 3631 1905 3701 sit,

264 3724 515 3788 niamCreatori
533 3743 592 3788 suo
610 3729 726 3790 nolens
746 3728 890 3801 obedire,
916 3731 1056 3800 alienos,
1112 3724 1185 3802 ipsa
1212 3740 1273 3786 nos
1300 3726 1443 3786 nominis
1479 3728 1642 3803 expositio
1671 3726 1777 3788 docet.
1807 3726 1909 3788 Beth-

265 3821 303 3883 ut
316 3823 364 3884 ait
378 3823 549 3900 propheta,
566 3825 679 3886 secuta
695 3827 746 3887 est
759 3826 935 3896 amatores,
953 3827 1058 3904 ejecta
1112 3820 1220 3897 Phage
1245 3837 1387 3898 namque
1411 3823 1528 3884 domus
1558 3823 1682 3896 11110011,
1706 3823 1760 3886 Vel
1791 3823 1906 3884 domus

265 3931 285 3979 e
299 3919 466 3994 paradiso,
482 3920 600 3984 incidit
613 3923 649 3983 in
662 3922 819 3995 latrones,
835 3923 892 4000 qui
903 3939 976 3985 eam
987 3939 1059 3986 ves·
1112 3917 1289 3979 buccarum
1313 3919 1552 3996 interpretatur
1572 3919 1631 3999 (1).
1657 3923 1779 3981 Domus
1798 3921 1905 3982 autem

264 4015 411 4079 timentis
445 4018 605 4081 virtutum
639 4021 857 4096 expoliantes,
885 4021 1058 4099 plagisque
1112 4013 1235 4088 buccae,
1250 4016 1319 4077 sive
1331 4015 1510 4082 buccarum
1528 4033 1601 4095 quae
1620 4018 1674 4090 sit,
1699 4018 1906 4079 Salomonem

263 4112 426 4191 impositis
441 4117 661 4193 peccatorum,
682 4118 717 4178 in
739 4117 802 4180 hoc
822 4121 975 4180 moeroris
998 4134 1057 4181 or·
1112 4113 1210 4174 0r0d0
1232 4113 1429 4191 lllaedistse
1444 4113 1558 4175 nobis:
1576 4115 1768 4190 Sapientia,
1789 4113 1906 4191 induit,

263 4211 394 4288 gastun
413 4214 607 4275 semivivam
627 4215 844 4292 reliquerunt.
867 4217 906 4278 Et
926 4216 990 4278 noc
1008 4217 1059 4278 est
1112 4211 1379 4282 aduocauerunt
1400 4213 1540 4272 comum
1561 4209 1673 4290 (Prov-
1690 4227 1738 4283 11,
1760 4209 1804 4290 1)·
1829 4213 1908 4282 Quae

264 4309 349 4385 quod
365 4310 483 4386 lugens
498 4311 661 4373 ieremias
683 4311 752 4373 ait:
775 4313 962 4375 Peccatum
975 4328 1059 4387 pec-
1112 4308 1164 4369 est
1189 4309 1299 4369 autem
1334 4307 1520 4384 sapientiai
1556 4309 1599 4369 Ut
1632 4309 1680 4370 ait
1709 4307 1906 4385 Apostolus:

262 4409 355 4468 cauit
374 4411 568 4470 Jerusalem
582 4409 772 4484 propterea
786 4409 954 4471 instalatus
966 4411 1059 4483 sacta
1112 4408 1191 4478 Ipse
1205 4408 1299 4467 enlm
1320 4406 1413 4478 lilius
1436 4405 1488 4468 est
1513 4407 1577 4467 Der·
1600 4407 1714 4468 otrtus
1728 4406 1836 4467 etDet
1849 4420 1909 4466 sa-

263 4504 316 4565 est
335 4502 470 4582 (Thren.
493 4521 516 4578 1,
535 4505 580 4585 8).
600 4507 705 4578 Quum
722 4505 832 4568 autem
856 4521 892 4567 se
911 4522 1055 4577 errasse,
1107 4503 1242 4575 pientia
1264 4499 1293 4579 (Ι
1326 4503 1399 4564 Cor.
1425 4517 1448 4574 1,
1482 4500 1547 4582 24).
1574 4501 1800 4578 Pnimogenita
1831 4503 1908 4564 ante

264 4601 453 4680 malumque
474 4602 538 4664 sibi
552 4603 668 4665 videns
687 4603 805 4665 merito
828 4604 992 4677 evenisse,
1015 4604 1056 4665 ad
1112 4613 1242 4660 omnem
1259 4599 1458 4671 creaturam,
1489 4615 1574 4675 quae,
1602 4600 1686 4661 teste
1716 4599 1905 4670 Salomone,

262 4698 371 4760 virum
384 4700 485 4762 vellet
498 4701 608 4762 redire
622 4701 767 4778 priorem
780 4701 911 4762 dicens:
926 4705 1059 4766 Reuer-
1112 4694 1244 4769 attingit
1266 4709 1286 4754 a
1308 4695 1373 4756 fine
1397 4711 1501 4773 usquo
1527 4695 1569 4757 ad
1595 4695 1695 4758 tinem
1719 4694 1849 4758 sortiter
1874 4698 1908 4758 et

257 4795 322 4856 'tar
342 4800 386 4857 ad
402 4801 520 4860 atrum
534 4814 651 4860 meum
662 4801 830 4874 errorem,
843 4803 923 4873 puta
936 4801 1058 4860 melius
1112 4790 1257 4868 disponit
1284 4791 1395 4852 omnia
1416 4793 1575 4855 suaviter
1593 4791 1685 4873 (Sap.
1699 4808 1771 4865 vin,
1786 4790 1830 4871 1).
1845 4793 1907 4854 llic

264 4891 345 4952 tuuc
374 4895 452 4954 erat
472 4899 557 4957 milit
585 4911 688 4969 otram
713 4911 805 4956 nuuc
826 4893 925 4974 (Osee
945 4910 981 4968 ll,
1009 4893 1055 4974 7).
1112 4889 1213 4949 atine
1225 4903 1328 4965 usquc
1338 4888 1380 4948 ad
1390 4889 1501 4961 finem,
1515 4889 1612 4962 idest,
1625 4889 1666 4950 ab
1682 4889 1798 4952 111ῒί1110
1810 4889 1907 4963 00110,

263 4989 350 5050 Fons
365 4989 613 5063 misericordiae,
629 4991 719 5052 illius
737 4992 934 5053 miserandae
954 4991 1059 5053 aldio·
1112 4986 1198 5063 quod
1213 4984 1334 5046 dicitur
1354 4987 1547 5063 empireum,
1564 5003 1670 5066 usque
1686 4988 1728 5049 ad
1743 4987 1911 5051 infernum

262 5085 385 5147 tionem
395 5087 621 5158 considerans,
630 5087 712 5147 illud
721 5089 949 5164 propheticum
957 5089 1058 5150 adim·
1112 5081 1244 5157 attingit
1252 5080 1391 5154 fortiter,
1403 5082 1587 5160 dejiciendo
1601 5083 1761 5161 superbos
1771 5083 1910 5160 angelos

264 5181 395 5260 pianda,
418 5185 591 5247 Reuertar
603 5187 648 5245 ad
661 5187 855 5247 Jerusalem
868 5189 905 5246 tu
919 5189 1060 5248 misert-
1112 5180 1152 5241 de
1167 5178 1281 5240 ultimo
1295 5178 1389 5252 coelo,
1399 5181 1496 5258 Juxta
1508 5180 1591 5242 illud
1603 5181 1719 5242 Isaiae:
1738 5183 1910 5248 Quornodo

264 5278 559 5358 corurutzacha,
576 5279 640 5364 16),
661 5282 818 5360 quoniam
833 5281 892 5343 illa
907 5280 949 5342 ad
964 5281 1058 5342 illum
1112 5277 1262 5340 cecidisti
1280 5279 1321 5338 de
1343 5283 1425 5339 coelo
1449 5281 1599 5354 Lucifer,
1622 5281 1681 5353 cut
1695 5293 1798 5342 moue
1816 5282 1912 5342 orte-

265 5378 445 5440 asoendere
468 5393 534 5440 non
554 5381 671 5458 potuit,
694 5380 751 5442 ille
765 5379 806 5440 ad
830 5379 922 5441 illam
941 5379 1057 5441 ductus
1113 5377 1206 5437 baris
1221 5371 1278 5452 (Is.
1301 5371 1456 5452 mv,12);
1479 5375 1512 5437 ct
1528 5373 1697 5436 educendo
1713 5377 1822 5454 justas
1838 5377 1911 5437 ani-

264 5477 385 5556 pietate
401 5476 580 5539 descendit.
1113 5487 1183 5533 mas
1198 5471 1238 5532 de
1257 5469 1399 5542 inferno,
1423 5469 1509 5534 sicut
1532 5471 1613 5534 dicit
1632 5472 1836 5535 Zacharias:
1862 5477 1909 5536 Iu

304 5577 479 5651 Quumque
499 5577 720 5650 Jercsolumzs
730 5575 1056 5651 appropinquasset

241 5671 458 5736 ·etceulsset
479 5673 685 5750 Bettplutae.
701 5673 907 5736 Haeccivitas
921 5675 1059 5736 Jerusa-
1149 5673 1191 5748 11)
1212 5671 1389 5748 Bethphage,
1403 5671 1505 5732 domos
1516 5673 1710 5734 cristallum
