3988 6300
67 353 144 424 145
629 347 787 438 aarum
808 365 1072 435 cameliano.
1096 376 1174 436 nna.
1198 375 1223 436 l.
1684 375 1742 435 tta

67 521 258 584 Florentii
283 521 318 582 in
334 513 384 602 (a)
401 520 618 597 Continentia,
636 541 734 602 quam
748 524 891 590 iacobus
944 524 1153 604 veniretper
1167 523 1250 590 duos
1265 539 1394 592 menses
1407 523 1593 602 etamplius
1606 539 1741 602 exspec-

67 620 242 682 deoanus
257 611 361 698 ipsius
374 619 523 683 ecclesiae
538 621 573 684 in
584 625 656 700 ejus
668 623 821 686 manibus
833 641 893 704 per
944 621 1043 697 taius,
1059 639 1121 686 nec
1136 623 1224 685 ullus
1239 623 1414 702 appareret
1437 638 1497 701 pre
1517 638 1556 685 ee
1571 620 1739 684 sufficiens

66 733 170 780 suas
196 717 325 780 litteras
340 719 532 796 resignavit,
550 719 621 782 sub.
643 724 751 801 appel.
768 723 819 784 ob.
836 738 893 784 as-
944 722 1159 800 responsalis,
1175 722 1308 784 tandem
1319 723 1452 800 quidam
1460 721 1587 783 litteras
1601 720 1737 793 babens,

67 813 283 891 signarent.
321 816 441 878 Eodem
479 821 607 880 ioanne
639 819 767 882 litteras
802 821 891 899 ipsas
945 818 986 879 ad
1001 819 1293 882 contradicendum
1315 823 1347 882 et
1369 819 1612 898 impetrandum
1627 833 1740 881 ceram

67 913 254 990 praedicto
283 914 408 977 decano
424 915 456 978 et
479 917 555 978 aliis
583 917 786 992 ostendente,
803 919 891 981 idem
945 918 1059 980 eodem
1072 919 1257 996 comparuit
1269 919 1431 990 auditore,
1449 919 1506 996 qui
1522 935 1595 979 cum
1611 918 1739 995 dejure

68 1010 241 1073 decanus
257 1011 297 1073 de
310 1013 535 1090 resignatione
547 1014 631 1077 sorte
644 1017 817 1094 paenitens,
835 1034 893 1080 oc-
945 1014 986 1076 ad
997 1016 1204 1078 tractandam
1217 1032 1351 1078 causam
1367 1017 1476 1077 minus
1492 1016 1660 1078 sufficiens
1671 1031 1741 1076 cre·

72 1110 235 1173 cultavit
247 1111 375 1173 litteras
399 1112 617 1189 supradictas.
633 1117 770 1176 Demum
785 1115 891 1178 eidem
945 1113 1088 1187 deretur,
1106 1114 1249 1176 auditori
1264 1115 1422 1192 praedicto
1435 1114 1530 1176 nobis
1543 1115 1615 1176 haec
1628 1114 1740 1176 omnia

69 1208 95 1269 J
99 1209 217 1268 oanni
230 1209 377 1286 praelatis
392 1211 513 1272 litteris
528 1212 703 1287 restitutis,
718 1229 775 1275 eas
788 1215 893 1276 nomi·
944 1211 1112 1286 referenti,
1138 1212 1287 1274 dedimus
1311 1213 1346 1273 in
1373 1213 1550 1286 mandatis,
1578 1213 1614 1273 ut
1641 1227 1740 1289 super

69 1306 182 1366 natis
197 1307 364 1384 judicibus
378 1309 413 1370 ut
427 1311 688 1388 exsequerentur
700 1311 890 1375 mandatum
945 1310 1007 1372 hoc
1022 1311 1151 1388 aliquos
1179 1311 1219 1372 de
1247 1310 1404 1372 iratribus
1433 1309 1630 1382 consuleret,
1657 1310 1690 1370 et
1704 1310 1739 1370 in

69 1405 559 1484 Apostolicumpraesentavit3
574 1424 713 1487 cumque
729 1411 829 1472 iidem
839 1413 893 1489 ju·
944 1424 1046 1470 causa
1070 1410 1263 1487 precederet
1286 1410 1384 1487 juxta
1413 1408 1588 1470 consilium
1612 1423 1741 1468 eorum-

73 1500 890 1586 dicesllpostolicumvellentadimpleramanda·
944 1507 1018 1569 dem
1044 1509 1270 1586 :saepedictus
1296 1507 1429 1571 auditor
1457 1507 1569 1568 habito
1599 1505 1739 1567 consilio

72 1599 174 1673 tum,
193 1601 326 1678 quidam
339 1606 610 1681 seepposuerunt
624 1607 776 1668 canonici
789 1607 892 1668 eccle·
944 1605 1001 1666 dil.
1025 1604 1065 1667 sr.
1087 1623 1119 1667 n.
1141 1603 1186 1686 (c)
1206 1609 1242 1667 T.
1261 1606 1389 1668 Sanctae
1406 1604 1537 1666 sabinae
1555 1603 1741 1682 presbyteri

73 1698 149 1760 siae
166 1701 370 1777 memoratae,
396 1702 542 1764 dicentes
567 1704 804 1767 subdiaconum
817 1723 890 1766 me·
945 1702 1136 1775 cardinalis,
1164 1719 1203 1765 ac
1229 1703 1329 1765 etiam
1360 1704 1513 1774 aliorum,
1541 1701 1739 1763 sententiam

72 1798 258 1858 moratum
273 1799 483 1860 renuntiasse
493 1800 563 1878 juri
580 1817 651 1874 suo,
669 1802 755 1878 quod
769 1803 834 1879 ipsi
849 1819 892 1864 ex
944 1800 1178 1878 praedictorum
1188 1802 1339 1878 iudicum
1356 1799 1597 1862 sententialiter
1608 1799 1740 1877 Justitia

71 1893 174 1970 ipsis
205 1895 326 1957 litteris
341 1897 555 1974 competebat.
582 1899 675 1961 Dicto
701 1899 805 1976 igitur
819 1900 892 1962 sub-
944 1899 1098 1974 exigente
1113 1899 1267 1960 cassavit.
1282 1900 1350 1960 Nos
1361 1899 1463 1975 igitur
1475 1897 1623 1974 ejusdem
1634 1895 1741 1973 capel-

74 1990 235 2054 diacono
260 1993 325 2055 boc
350 1995 502 2070 negante,
528 1999 599 2074 jam
633 1996 711 2059 dicti
739 1999 890 2060 canonici
944 1995 1013 2056 lani
1029 1997 1226 2058 sententiam
1244 1998 1351 2059 ratam
1376 1998 1408 2058 et
1423 1997 1551 2057 firmam
1566 1994 1737 2064 habentes,

73 2089 195 2150 testes
208 2090 249 2151 ad
263 2091 325 2152 boc
351 2091 556 2168 probandum
584 2093 715 2171 aliquas
730 2085 892 2172 produxe·
943 2093 1037 2155 vobis
1063 2110 1122 2171 per
1152 2094 1341 2171 Apostolica
1371 2094 1494 2171 scripta
1531 2092 1737 2164 mandamus

76 2188 180 2259 runt,
211 2203 271 2264 per
308 2204 389 2266 quos
416 2206 490 2252 cum
525 2191 694 2254 videretur
717 2192 889 2269 probatum
944 2192 1105 2268 quatenus
1134 2192 1327 2254 revocantes
1351 2192 1386 2252 in
1415 2191 1547 2252 irritum
1580 2189 1739 2268 quidquid

78 2287 254 2346 ,ioannem
283 2301 318 2346 se
346 2287 463 2362 gratiae
502 2289 639 2365 capituli
673 2291 888 2363 commisisse,
943 2289 1137 2350 inveneritis
1152 2289 1495 2368 postappellationem
1520 2287 1561 2349 ad
1577 2287 1738 2363 noslegi-

79 2381 155 2442 duo
177 2382 328 2459 judicum
347 2383 592 2460 praedictorum,
620 2387 707 2449 eant.
734 2388 891 2450 videlicet
942 2384 1022 2446 time
1034 2385 1264 2462 interpositam
1277 2385 1484 2458 attentatum,
1502 2384 1666 2446 sententia
1676 2386 1738 2462 ju-

80 2481 283 2549 Treveren„
297 2482 540 2545 sententialiter
565 2484 892 2548 decreverunteum-
944 2483 1053 2544 dicum
1078 2487 1212 2544 Trever.
1249 2499 1316 2544 non
1351 2482 1516 2555 obstante,
1547 2482 1738 2560 predictam

83 2576 165 2638 dem
179 2580 340 2640 loannem
355 2596 421 2641 non
436 2596 533 2658 posse
555 2583 602 2643 uti
618 2582 658 2643 de
680 2583 789 2645 cetero
804 2583 891 2660 ipsa·
944 2580 1154 2657 praebendam
1169 2581 1201 2642 ei
1215 2580 1427 2653 subdiacono,
1443 2581 1510 2641 nisi
1524 2579 1613 2640 aliud
1632 2595 1737 2640 cano-

82 2691 165 2735 rum
180 2677 349 2739 commodo
365 2677 562 2752 litterarum,
574 2696 632 2757 pro
646 2696 685 2742 eo
701 2681 786 2758 quod
801 2680 889 2742 idem
943 2679 1054 2739 nicum
1076 2677 1240 2755 objectum
1254 2677 1364 2751 luerit,
1382 2679 1414 2740 et
1436 2676 1618 2754 probatum,
1636 2693 1738 2753 quare

84 2775 118 2836 J.
136 2773 185 2834 sic
200 2774 383 2836 adversarii
393 2777 510 2851 gratiae
524 2793 559 2840 se
569 2779 744 2851 commisit,
757 2780 891 2856 propter
943 2775 976 2835 id
991 2791 1057 2835 non
1075 2773 1192 2836 debeat
1208 2773 1394 2850 adimpleri,
1412 2773 1608 2834 auctoritaie
1628 2775 1737 2849 APOS·

87 2871 178 2947 quod
192 2872 282 2934 risus
304 2875 354 2936 est
367 2875 577 2937 renuntiasse
588 2877 660 2953 juri
674 2877 737 2937 sibi
751 2893 794 2939 ex
806 2877 889 2954 ipsis
943 2873 1053 2946 talica,
1071 2872 1200 2934 sublate
1215 2871 1446 2950 appellationis
1467 2869 1647 2942 obstacula,
1664 2885 1740 2952 con·

86 2967 213 3030 litteris
241 2973 464 3049 competenti:
490 2990 510 3034 a
539 2990 603 3051 qua
623 2975 787 3037 sententia
802 2975 889 3036 idem
942 2971 1068 3033 ieratis,

87 3067 119 3130 J.
138 3068 320 3144 appellans,
334 3069 412 3132 licet
431 3071 530 3133 etiam
550 3073 761 3150 anteaquam
778 3073 889 3152 appel·

85 3163 193 3227 lasset
206 3167 355 3242 uigiliam
370 3168 564 3246 Epiphaniae
576 3171 728 3248 proxime
743 3171 889 3249 praeteri-

85 3265 157 3324 tam
168 3263 345 3326 terminum
356 3281 424 3327 suaa
436 3267 667 3344 appellationis
676 3268 829 3347 praefixit,
846 3270 887 3330 ad

56 3412 59 3418 .
88 3377 191 3439 quam
206 3377 281 3422 cum
295 3363 382 3424 idem
390 3367 420 3426 J.
429 3365 558 3427 ueniret
570 3367 603 3428 et
616 3366 711 3428 nobis
723 3368 821 3444 prout
831 3384 889 3428 su-

88 3459 204 3536 perius
231 3460 281 3522 est
302 3477 505 3538 expressum,
523 3463 601 3524 lacti
615 3465 735 3525 seriem
750 3480 890 3526 enarra-

88 3557 154 3628 ret,
170 3557 226 3617 dil.
239 3557 284 3626 lll.
298 3556 344 3638 (b)
354 3560 488 3621 Petrum
501 3561 541 3622 de
556 3561 766 3633 Collemedia
783 3562 889 3639 capel·

90 3653 205 3716 lanum
220 3655 369 3717 nostrum
384 3659 558 3734 superbae
582 3658 645 3719 sibi
665 3659 888 3720 concessimus

91 3752 301 3814 auditorem:
325 3755 381 3814 sed
409 3771 482 3816 cum
509 3759 580 3833 ejus
596 3757 807 3818 adversarius
822 3774 888 3820 non

131 3919 172 3990 (a)
187 3920 221 3975 ln
235 3921 415 3990 carrfiuealic.
432 3922 507 3980 Urbe
523 3925 717 3982 amoenissima
733 3924 817 3984 dimo.
833 3927 886 3986 Co·

91 3989 433 4070 lon.,interlloguuliam
446 4001 474 4050 et
489 3995 709 4066 coloniamque
725 4011 756 4054 se
771 3999 886 4054 llosella

95 4060 195 4118 llheno
220 4062 330 4130 miscet,
357 4063 421 4120 ideo
447 4065 623 4124 confluentia
649 4067 735 4138 dicia,
758 4071 888 4126 Coblanlz

97 4132 273 4190 Germanice.
286 4133 463 4192 Guntherus:

129 4203 316 4260 Flaminiam
329 4206 432 4275 petrini
446 4208 579 4277 conflare
591 4209 851 4280 aameabnbaatem,

131 4275 226 4330 Serani
239 4276 277 4330 ad
295 4292 383 4346 usqua
397 4277 496 4336 tticum.

134 4343 172 4416 (l)
187 4345 300 4401 Petrum
312 4347 345 4402 dc
356 4348 533 4405 Callemadia.
547 4348 599 4418 Qui
613 4347 663 4406 init
673 4358 771 4420 pastea
782 4349 888 4408 archie-

98 4416 230 4488 piscopus
249 4415 490 4492 llotbomagensis
504 4420 550 4488 aa,
576 4427 639 4503 post
660 4422 827 4479 bladriclurn
850 4424 886 4488 ll,

98 4501 172 4570 anae
188 4487 265 4544 ital.
285 4489 410 4560 Legatus
429 4491 587 4572 Innocenti
611 4493 650 4550 IV
672 4491 706 4548 ad
732 4491 837 4548 Frider.
861 4494 887 4550 ll

99 4559 888 4755 lllgtjgnlilltilallrtlnt{titillari

100 4714 154 4756 anu
223 4719 264 4757 aa.

136 4767 173 4841 (r)
186 4771 284 4827 llubito
294 4772 412 4828 coasilia
427 4773 450 4844 s.
460 4775 551 4831 riustri
560 4775 639 4832 tituli
650 4775 676 4832 S.
691 4775 799 4832 Selaima
804 4791 889 4846 prus·

101 4839 185 4913 bptari
198 4842 367 4900 cardinatis.
386 4844 438 4900 llic
452 4851 496 4902 est
507 4845 632 4902 Thomas
644 4845 679 4902 dc
692 4848 797 4918 Capua,
809 4849 889 4906 Cam·

103 4926 196 4984 panus,
222 4911 258 4968 ab
284 4914 452 4971 Innocentio
478 4917 518 4973 lll
548 4924 671 4985 creatus,
700 4931 774 4973 anno
804 4919 887 4988 {2¹²3

101 4982 266 5054 virilesque
281 4983 318 5040 ad
329 4999 434 5043 anuum
449 4986 567 5055 lilaob
579 4989 709 5045 meritum
727 4989 887 5059 patriarcba

1001 3195 1122 3270 Apella.
1153 3195 1186 3256 el
1206 3197 1326 3257 Nicon.
1350 3199 1518 3272 episcopis
1542 3192 1603 3274 (d),
1631 3195 1664 3256 et
1725 3183 1729 3193 ’

1206 3313 1337 3372 arelate.
1355 3313 1477 3388 Apatb.

1242 3489 1378 3549 CAPUT
1397 3489 1437 3551 ll.

981 3645 1100 3707 Dilecti
1133 3645 1210 3718 filii,
1252 3647 1432 3708 conuentus
1467 3645 1660 3708 monasterii
1689 3643 1736 3726 (a)

942 3743 1047 3805 sancti
1061 3746 1128 3808 VV.
1143 3744 1182 3806 de
1193 3744 1332 3806 desertis
1348 3744 1547 3818 immediate,
1564 3745 1605 3806 ad
1621 3746 1738 3806 Roma·

942 3912 1037 3985 (simili
1053 3913 1163 3972 ratione
1176 3929 1230 3986 qua
1243 3915 1270 3970 iu
1283 3928 1347 3988 cap.
1358 3916 1439 3984 Sane,
1448 3913 1519 3982 eorl,
1531 3913 1603 3971 alius
1613 3927 1644 3970 se
1655 3913 1738 3970 mise·

942 3984 1070 4042 ricordlae
1085 3985 1288 4042 canonicorum
1313 3986 1534 4042 Pictariensiam
1556 3981 1735 4057 subjecisset)

942 4061 1000 4112 tum
1014 4054 1089 4127 quod
1104 4057 1213 4112 litteras
1226 4056 1403 4128 spostolleas
1418 4057 1460 4112 eis
1476 4054 1636 4112 tradidisset
1653 4071 1659 4109 :
1674 4070 1737 4126 quae

942 4133 1110 4198 argumenta
1133 4127 1355 4182 renuntiationis
1379 4142 1445 4183 esse
1469 4127 1647 4183 videbantur.
1675 4128 1736 4182 llua

941 4203 1049 4253 lantum
1060 4196 1215 4268 spectanda
1225 4196 1270 4252 bie
1280 4205 1361 4252 snut:
1375 4199 1403 4253 1⁰
1412 4198 1530 4265 litteras,
1542 4195 1621 4252 lalsis
1632 4197 1738 4252 suasio·

941 4267 1035 4334 nibus,
1047 4282 1110 4394 {aa
1121 4262 1185 4322 dolo
1199 4267 1402 4335 assimilantur,
1419 4266 1531 4322 dedisse
1545 4265 1627 4322 dictis
1647 4280 1735 4322 cano·

941 4339 1033 4408 nicis;
1069 4337 1169 4410 ⁰quod
1186 4340 1233 4410 qui
1250 4339 1350 4410 gratis
1365 4346 1392 4394 el
1402 4337 1604 4394 misericordiae
1617 4337 1737 4392 aliarum

941 4423 972 4466 se
985 4408 1108 4481 subjicit,
1121 4424 1176 4465 non
1192 4408 1302 4465 videtur
1316 4409 1495 4476 renuntiare;
1517 4407 1640 4534 {gratiam
1660 4407 1737 4462 enim

941 4489 969 4537 et
984 4479 1178 4538 misericordia
1191 4488 1413 4553 praesupponunt
1428 4479 1514 4536 libera
1529 4481 1635 4546 itatem,
1649 4485 1677 4534 el
1690 4476 1737 4533 ali-

942 4551 1016 4624 quod
1031 4551 1201 4609 benetleium
1217 4567 1267 4623 pro
1289 4551 1385 4623 ecqui
1410 4550 1488 4623 petit.
1511 4551 1583 4607 Nam
1600 4549 1647 4619 qui
1667 4547 1737 4604 nibil

941 4630 1070 4697 speraret
1085 4621 1187 4679 lrnslra
1203 4622 1239 4678 ad
1277 4623 1377 4678 ratium
1391 4630 1419 4678 el
1430 4619 1654 4678 misericordiam
1668 4619 1736 4676 alio·

942 4709 1003 4751 rum
1019 4700 1177 4750 recurreret
1193 4709 1199 4749 :
1215 4695 1242 4750 in
1264 4707 1280 4749 e
1300 4700 1376 4750 reete
1391 4707 1406 4749 a
1426 4693 1542 4762 Graecis,
1560 4693 1636 4748 ἔλεος,
1653 4691 1735 4748 misc·

941 4766 1026 4832 ralia‚
1054 4780 1105 4836 pro
1140 4765 1211 4834 stipe
1237 4764 1366 4833 sumitur,
1397 4771 1425 4822 et
1451 4762 1516 4820 inde
1553 4763 1737 4834 Eteeracspnu

942 4835 1055 4908 (illailla.
1068 4836 1109 4907 a),
1123 4842 1152 4891 et
1163 4833 1237 4908 apud
1253 4835 1407 4905 Pollucem,
1421 4836 1482 4892 lib.
1495 4833 1645 4906 5,ca1·›.33,
1655 4835 1736 4900 χάρις,

941 4913 969 4964 et
984 4908 1064 4973 δωρεά
1076 4904 1308 5034 οοηῂιηὲζιιηῑυττ
1326 4915 1353 4963 et
1368 4907 1477 4989 optime
1491 4906 1660 4964 Laurentius
1683 4907 1735 4962 Pa·

943 4976 1092 5050 piensisad
1104 4992 1167 5049 cap.
1196 4995 1258 5034 aaa.
1272 4979 1305 5034 dc
1315 4982 1430 5048 reopant
1440 4982 1474 5034 et.
1487 4977 1573 5045 abed,
1585 4977 1641 5033 iai
1653 4977 1734 5032 Cam·
1805 5017 1810 5026 .

103 5054 369 5126 illaresalymitaans
381 5055 497 5126 electus,
514 5057 564 5114 sed
580 5073 595 5115 a
612 5059 749 5130 Gregorio
762 5059 802 5117 lll
830 5075 888 5116 non
937 5049 1086 5120 llilstiiffllb
1103 5049 1159 5104 ⁰112
1178 5051 1271 5116 ΟΜΝ
1285 5063 1313 5104 ⁸³
1325 5049 1460 5119 tuiiill'i?
1471 5049 1574 5104 &ilidii
1589 5050 1620 5102 ui
1632 5047 1734 5115 1³51er-

103 5139 258 5192 concessas,
273 5126 338 5196 qilia
355 5127 490 5194 Ecclesiae
504 5129 639 5186 Romame
651 5130 736 5188 utilis.

136 5194 204 5253 bibli
227 5197 364 5254 intactum
388 5198 519 5270 relinquit
543 5201 641 5258 Glossa
664 5201 738 5273 apud
766 5202 885 5327 Gregor.

104 5269 160 5324 llac
177 5281 260 5323 unum
284 5275 360 5334 nala,
379 5269 426 5341 agi
442 5268 478 5326 de
492 5271 603 5336 icauna
617 5285 742 5344 paupere
766 5271 822 5328 snb
845 5272 886 5328 la·

103 5339 227 5400 cerasia
241 5337 318 5394 onim
332 5346 431 5396 nolant
444 5348 500 5397 tres
515 5342 571 5408 mei
582 5343 658 5398 llas.
671 5341 794 5409 codices,
812 5341 886 5414 qttod

940 5121 1093 5188 videretur,
1110 5135 1174 5175 cum
1185 5121 1260 5176 alias
1275 5124 1405 5177 nanessrt
1415 5121 1465 5176 boc
1478 5121 1630 5189 sarturas:
1645 5119 1736 5186 aliter,

941 5192 1071 5248 nolentes
1093 5191 1133 5246 uti
1151 5189 1344 5247 misericordia
1369 5192 1394 5246 ei
1420 5189 1467 5263 jus
1491 5204 1573 5246 sunm
1590 5189 1737 5245 restituere

941 5261 1045 5318 debent
1060 5261 1168 5331 Arpina
1183 5262 1216 5318 L.
1227 5261 1253 5325 2,
1295 5261 1346 5317 att.
1356 5262 1389 5316 de
1398 5261 1548 5317 lineatim.
1561 5277 1567 5287 ·
1580 5267 1638 5316 tum
1650 5260 1737 5316 etiam

941 5332 1015 5405 ailad
1032 5348 1081 5414 per
1094 5333 1189 5389 dolum
1215 5330 1250 5387 ad
1283 5329 1371 5388 amias
1387 5331 1494 5388 litteras
1517 5301 1650 5388 imiuctus
1664 5339 1736 5400 erat,

104 5417 190 5466 taurea
213 5410 309 5465 omisit
336 5409 522 5478 llaininndus,
548 5413 679 5483 quamvis
701 5413 759 5469 vim
790 5411 885 5470 saciat.
940 5401 1629 5486 utsatisconstaterverblsuamsquecapituli.
1718 5474 1723 5484 Ι

104 5483 219 5538 laatmes
239 5479 349 5537 litteras
367 5481 527 5539 obtinuerat
547 5483 581 5539 ab
593 5484 759 5541 Innocentio
775 5485 814 5542 lll
836 5499 886 5556 pro
977 5474 1019 5544 (a)
1048 5475 1201 5546 Apelleum
1215 5478 1239 5529 el
1263 5473 1291 5529 Ν
1294 5487 1378 5529 dedit
1393 5475 1547 5543 El'dwllli·
1566 5471 1736 5554 agathensi,

105 5548 275 5622 adipiscenda
300 5551 451 5622 proebenda
472 5567 557 5624 quam
579 5553 702 5611 pampus
717 5555 885 5636 reslgnave-
941 5545 1056 5615 seditio,
1080 5545 1125 5602 vel
1148 5543 1332 5616 berengario.
1355 5545 1482 5615 Nicetisi,
1502 5545 1568 5617 lege
1598 5545 1735 5611 branensi,

105 5620 242 5694 raterius
258 5622 411 5694 receptioni
426 5631 662 5697 seopposuerunt
680 5627 810 5682 canonici
833 5624 888 5682 ltac
939 5617 1018 5673 Nite-

106 5693 203 5751 ratione
218 5691 292 5760 irati,
320 5693 395 5766 qnod
417 5695 478 5768 ipse
493 5699 619 5754 loannes
642 5711 694 5753 suo
705 5695 762 5769 juri
780 5711 884 5754 renun-

977 5685 1017 5760 (ε)
1048 5687 1075 5744 S.
1103 5685 1256 5752 vuillelmi,
1275 5685 1382 5744 laudati
1396 5700 1472 5743 anuo
1492 5685 1556 5752 sal,
1573 5683 1601 5740 ia
1617 5681 1734 5741 dioerasi

106 5765 201 5834 tlassrt,
218 5778 253 5821 ex
268 5779 302 5821 ro
316 5765 390 5836 quad
403 5779 433 5822 se
449 5768 548 5841 gratie
563 5766 678 5840 capituli
697 5768 887 5826 commisisset
940 5757 1102 5826 Laterensi,
1118 5756 1224 5814 ordinis
1249 5759 1276 5816 S.
1293 5756 1448 5825 Benedicti,
1462 5771 1476 5812 a
1492 5757 1518 5814 S.
1534 5755 1682 5828 Galilalmo
1697 5757 1733 5824 ll,
1753 5833 1756 5841 Ι
