3962 6294
293 297 353 357 287

296 455 499 536 episcopum,
525 457 559 517 et
578 455 759 532 capitulum
786 451 1031 544 Neocastbense
1051 469 1094 518 ex

292 557 413 628 altera,
429 553 673 633 snpereoqnod
687 553 774 614 idem
787 553 1019 631 episcopusin
1032 569 1092 616 ca-

295 654 448 732 pitulum,
474 651 712 714 monasterium
733 651 841 729 ipsum
868 652 909 713 ad
926 669 961 714 se
987 653 1093 730 perti-

296 769 377 814 nere
403 751 566 822 dicebant,
597 766 670 811 cum
696 747 892 828 quibusdam
918 749 1091 812 monachis

296 851 367 911 suis
394 850 435 910 ad
465 851 612 910 nostram
638 849 852 924 praesentiam
880 850 1088 922 accessisset,

294 948 415 1024 reliqui
438 947 587 1024 ejusdem
608 947 804 1008 monasterii
822 947 977 1010 monachi
995 963 1090 1008 com-

295 1046 492 1124 positionem
516 1045 703 1123 quamdam,
734 1045 840 1122 ipsius
856 1045 985 1107 abbatis
1001 1045 1090 1108 irre-

294 1144 418 1222 quisito
433 1160 573 1206 assensu
586 1144 621 1205 in
637 1143 786 1221 ejusdem
801 1144 1042 1222 praejudicium,
1059 1146 1092 1207 et

292 1259 473 1318 gravamen
489 1242 683 1304 monasterii
698 1243 750 1303 sui
765 1243 891 1304 temere
913 1259 987 1303 cum
1001 1259 1091 1320 prae-

294 1340 392 1404 dictis
419 1341 575 1418 episcopo
602 1341 635 1404 ei
655 1340 800 1418 capitulo
826 1341 984 1402 inierunt.
1010 1342 1090 1401 Cum

293 1440 398 1516 igitur
418 1439 632 1502 temerarium
648 1439 748 1501 suerit
774 1439 949 1517 praedictos
971 1454 1091 1502 mona·

294 1539 385 1610 ellos,
396 1537 589 1615 irrequisito
604 1535 722 1598 abbate
732 1553 858 1609 eorum,
876 1537 1092 1614 compositio-

295 1653 371 1697 nem
387 1636 485 1708 inire,
503 1636 803 1713 quantumcumque
824 1635 978 1697 videatur
999 1635 1090 1698 utilis

294 1749 396 1812 super
419 1733 535 1795 eadem
553 1748 654 1795 causa
683 1733 718 1794 in
738 1733 863 1811 qua'de
883 1733 1090 1811 subjectione

293 1832 400 1908 ipsius
413 1831 553 1904 abbatie,
570 1833 603 1894 et
617 1831 669 1892 sui
692 1831 886 1894 monasterii
903 1830 1087 1908 agebatur:

293 1928 1091 2007 dis.v.mandamus,quatenuslrujusmodicom·

292 2027 492 2106 positionem
520 2028 718 2090 auctoritate
738 2029 851 2090 nostra
871 2027 1088 2091 decernentes

242 2191 248 2203 .
292 2126 422 2188 irritam
437 2128 469 2187 et
481 2126 626 2197 inanem,
643 2141 702 2202 per
715 2141 788 2187 eam
810 2141 876 2186 non
889 2126 1089 2202 permittatis

287 2224 505 2301 ‘saepedictum
535 2223 777 2285 monasterium
798 2223 980 2296 molestari,
1005 2240 1089 2285 con-

291 2321 488 2384 tradictores
519 2320 548 2381 si
570 2319 626 2400 qni
642 2320 765 2382 luerint
781 2321 834 2382 vel
864 2319 1007 2383 rebelles
1029 2337 1091 2398 per

286 2435 449 2481 censuras
478 2418 723 2481 ecclesiasticas
743 2418 972 2496 appellatione
992 2419 1088 2497 post·

292 2517 398 2596 posita
413 2515 663 2593 compescendo·

405 2717 572 2792 Episcopo
595 2711 657 2792 (a).
673 2715 924 2788 arctetuncono,
941 2715 975 2776 et

537 2813 674 2874 curatori
698 2815 839 2874 Trecen.

581 3009 718 3070 CAPUT
739 3009 796 3071 111.

330 3163 448 3226 Dilecti
474 3161 519 3222 ill.
545 3158 591 3240 (b)
603 3159 718 3234 abbas,
742 3161 775 3223 et
796 3161 979 3224 conuentus
1003 3160 1086 3224 Pul-

291 3266 412 3340 trajen.
442 3259 538 3322 nobis
570 3259 742 3320 humiliter
774 3259 1017 3336 supplicarunt,
1053 3263 1088 3322 ut

290 3357 1085 3440 quumidemmonasterinmperdilapidationem

289 3465 329 3522 ll.
340 3459 505 3538 quondam
518 3455 647 3520 abbatis
660 3455 776 3534 ipsius,
786 3456 842 3536 qui
851 3459 1008 3534 tanquam
1017 3457 1088 3518 dis-

290 3559 418 3636 sipator
442 3557 546 3618 multa
572 3555 606 3616 et
623 3554 756 3616 diuersa
775 3554 943 3618 contraxit
963 3555 1084 3628 debita,

289 3657 381 3720 tanto
403 3653 561 3732 gravetur
581 3669 681 3715 onere
696 3651 893 3726 debitorum,
909 3653 995 3731 quod
1020 3654 1084 3732 ipsi

289 3754 332 3816 ad
341 3753 540 3816 solutionem
553 3765 619 3810 non
629 3749 1087 3830 suiilcianteorumdempro-

289 3850 403 3914 videre
423 3863 525 3925 super
545 3848 609 3908 lroc
624 3847 673 3908 eis
687 3847 949 3910 misericorditer
965 3850 1086 3926 digna-

289 3965 413 4012 remur.
441 3945 597 4009 Volentes
623 3945 726 4021 igitur
746 3945 853 4023 ipsius
876 3948 1084 4023 monasterii,

287 4046 376 4126 quod
398 4043 439 4108 ad
460 4059 523 4106 nos
544 4043 736 4119 specialiter
754 4044 910 4121 pertinet,
927 4045 1086 4108 indebitis

287 4142 538 4224 gravaminibus
552 4141 705 4216 obviare;
719 4141 802 4204 disc.
814 4159 846 4206 ιι.
859 4160 903 4204 m.
922 4145 1085 4222 quatenus

286 4243 486 4308 sonoritate
520 4242 651 4313 nostra,
685 4239 815 4305 sublato
850 4243 1086 4321 appellationis

323 4473 365 4546 (ιι)
386 4473 521 4544 Episcopo
537 4469 674 4550 Trecenti.
696 4471 818 4538 llervco,
834 4472 881 4543 qni
904 4470 973 4529 vixit
994 4487 1086 4546 usque

285 4547 323 4604 ad
339 4560 445 4602 annunt
463 4541 622 4611 tatastat
637 4539 739 4598 direxit
757 4543 942 4599 Innocentius
952 4545 1003 4613 lli,
1019 4558 1083 4616 cap.

284 4617 404 4684 litteriis,
422 4615 466 4682 55,
483 4612 711 4694 dcappeiinmn
726 4611 917 4686 etrjnscapitis
928 4613 1085 4687 epigraphe

285 4689 316 4744 in
331 4687 420 4742 veteri
435 4683 537 4743 Codice
549 4684 679 4756 pungitur
699 4691 808 4753 centor,
825 4692 854 4742 et
868 4683 1085 4743 archidiaconns

286 4756 476 4828 triciensium
495 4761 525 4811 et
543 4754 572 4810 in
588 4753 644 4843 boc
657 4769 721 4837 cap.
737 4755 782 4838 vel
804 4753 935 4848 lieberto,
950 4757 998 4830 qui
1013 4757 1085 4840 sedit

284 4825 682 4974 latitatrnlnttlt
680 4824 1083 4981 tintinnabant

323 4970 366 5040 (b)
385 4968 477 5025 Atina
497 4971 522 5023 et
549 4971 698 5023 coercentes
713 4969 896 5026 Pellenensis.
918 4967 1083 5042 Lagentium

286 5037 571 5105 brittannicam,
591 5039 794 5105 Pnttrarensia,
810 5039 962 5109 Poiliteres,
977 5039 1084 5097 ordinis

286 5109 481 5177 S.Benedicti,
494 5108 544 5165 lin
569 5108 685 5164 onensts
699 5107 885 5172 dtoecesis.de
900 5125 957 5183 quo
968 5126 1082 5168 {nenas-

288 5183 371 5251 terio,
385 5179 449 5238 ride
460 5123 594 5252 epistoias
606 5179 725 5236 lestinis
739 5182 790 5248 lx,
806 5181 860 5262 illl
873 5188 902 5238 et
918 5181 981 5239 ill.

322 5251 364 5325 (l)
385 5255 423 5310 Cc
435 5252 500 5332 titre
512 5257 555 5308 cst
568 5250 593 5306 te
608 5249 656 5308 55ο
671 5249 707 5308 de
721 5249 746 5307 la
764 5252 931 5323 cnnprturio
945 5254 1042 5324 primu
1056 5261 1084 5311 οι

285 5327 313 5384 le
330 5327 376 5382 ll⁸
390 5323 441 5380 des
455 5323 562 5378 Deerit.
575 5321 784 5390 arepennem.

304 5393 597 5526 1(ι),Αιέιιοῐιρίιοοιιιι
627 5392 784 5451 Vtenmnsi.
811 5393 948 5465 Brnnoni,
972 5395 1007 5454 75
1036 5411 1081 5454 ar-

284 5481 523 5616 elzzptsbemqltmd
541 5533 730 5592 Nucericnsis
748 5533 877 5595 ecclesie.
898 5537 976 5610 Lege
998 5539 1080 5596 Μαιι-

287 5609 438 5675 sionensis,
456 5614 486 5664 ιιι
500 5611 544 5662 est
557 5603 584 5660 in
600 5617 658 5661 uno
670 5605 727 5663 tls.
745 5605 929 5664 bonomensis
951 5609 1080 5666 ecclesia.

287 5685 410 5750 iti-rnre,
432 5685 474 5735 esi
499 5677 570 5733 ultra
593 5675 689 5746 Alpes,
714 5682 743 5732 et
763 5673 947 5751 suffraganea
970 5679 1080 5738 archie-

929 293 1105 357 HONORH
1126 297 1170 358 111
1193 299 1340 363 OPERA.

1149 460 1395 538 impedimento,
1419 457 1594 542 providere
1616 469 1753 543 curetis,
1772 487 1812 534 ne
1833 489 1919 556 super

1147 559 1268 622 debitis
1284 577 1356 638 quae
1373 577 1434 624 nec
1446 563 1486 624 de
1499 565 1694 640 conventus,
1709 569 1765 631 aut
1786 576 1917 650 majoris,

1146 658 1180 719 et
1194 658 1339 720 sanioris
1352 659 1456 736 partis
1470 663 1542 739 eius
1555 677 1713 738 assensu,
1725 681 1785 732 nec
1797 685 1851 746 pro
1861 675 1919 736 uli-

1147 757 1240 819 litate
1263 759 1458 820 monasterii
1476 759 1518 822 ab
1533 760 1606 840 ipso
1621 765 1661 826 R.
1677 767 1841 831 contrecta
1854 771 1919 833 iue-

1146 857 1234 926 runt,
1247 855 1349 917 abbas
1363 859 1396 918 et
1408 862 1593 922 conventus
1599 861 1670 938 jam
1686 861 1765 925 dicti
1776 867 1921 942 praetextu

1146 951 1331 1014 litterarum
1343 955 1449 1032 ipsius
1465 959 1504 1018 R.
1514 973 1613 1036 quum
1629 959 1786 1039 pleraque
1800 962 1864 1041 ipse
1881 966 1922 1029 ie·

1146 1049 1231 1112 cisse
1256 1051 1387 1114 dicatur
1407 1054 1507 1116 etiarn
1527 1059 1601 1133 post
1624 1059 1822 1122 amotionem
1840 1079 1921 1128 suam

1146 1165 1248 1226 super
1261 1149 1380 1212 debitis
1393 1165 1454 1229 per
1468 1152 1598 1216 litteras
1611 1155 1837 1221 molestentur.

1395 1349 1611 1441 TITULUS
1635 1353 1692 1442 tx

1214 1533 1258 1580 nu
1279 1534 1334 1582 ius
1355 1535 1431 1592 oue
1452 1536 1556 1584 sruur
1575 1537 1598 1584 ιι
1618 1537 1742 1588 nasoni
1763 1541 1867 1590 rnnrs

1425 1635 1583 1683 cremum
1605 1619 1665 1702 (1).

1304 1756 1569 1830 Arentcptsecpo
1590 1757 1708 1821 Vicini.
1731 1756 1780 1840 (ο)

1448 1925 1589 1989 CAPUT
1609 1928 1636 1989 1.

1183 2093 1301 2155 Dilecti
1314 2093 1375 2156 tilii
1389 2091 1439 2174 (d)
1449 2097 1601 2159 canonici
1619 2097 1826 2162 Manrianen.
1837 2099 1927 2162 eccle·

1143 2190 1203 2252 siae
1218 2191 1288 2254 suis
1309 2191 1405 2256 nobis
1418 2194 1539 2256 litteris
1552 2195 1758 2270 intimarunt,
1776 2199 1860 2278 quod
1877 2217 1927 2260 ec-

1143 2287 1246 2350 clesia
1268 2289 1340 2366 ipsa
1363 2291 1506 2368 pastoris
1535 2292 1654 2356 solatio
1678 2294 1848 2370 destituta,
1870 2295 1926 2373 ipsi

1143 2387 1338 2463 potestatem
1353 2387 1498 2466 eligendi
1520 2389 1584 2452 sibi
1604 2392 1796 2470 episcopum
1816 2393 1850 2455 in
1865 2395 1927 2456 tres

1147 2483 1254 2561 ipsius
1266 2485 1330 2548 loci
1343 2487 1522 2550 canonicos
1537 2489 1763 2554 contulerunt:
1782 2492 1827 2556 ita
1838 2491 1926 2554 sitle-

1143 2582 1230 2656 licet,
1245 2583 1281 2645 ut
1295 2585 1324 2646 is
1339 2599 1399 2662 pro
1411 2585 1517 2648 electo
1528 2585 1570 2648 ab
1583 2588 1735 2649 omnibus
1748 2589 1926 2662 baberetur,

1143 2682 1200 2759 qui
1212 2682 1300 2744 esset
1312 2681 1436 2746 electus
1444 2682 1485 2745 ab
1494 2683 1926 2758 illisueladuobuseorum,

1142 2779 1927 2864 sitertiusdiscordaret:quumqueduoipsorum

1141 2879 1240 2941 tertio
1254 2878 1473 2953 discordante,
1488 2880 1644 2943 dilectum
1659 2882 1764 2944 illium
1778 2887 1823 2958 5.,
1837 2883 1928 2945 deca-

1142 2993 1221 3038 num
1247 2976 1354 3054 ipsius
1382 2977 1544 3051 ecclesiae,
1567 2979 1688 3053 virum,
1714 2983 1751 3044 ut
1770 2981 1927 3054 asserunt,

1142 3073 1288 3136 moribus
1306 3075 1338 3136 et
1355 3076 1452 3137 aetate
1469 3078 1646 3148 maturum,
1656 3080 1691 3141 et
1704 3078 1739 3140 in
1753 3079 1930 3158 spirituali-

1141 3170 1203 3232 bus
1217 3173 1249 3234 et
1261 3173 1498 3250 temporalibus
1509 3174 1682 3251 providum
1696 3177 1886 3254 elegissent,
1898 3179 1930 3238 tu

1141 3271 1174 3332 et
1199 3269 1380 3348 capitulum
1402 3272 1520 3335 Vienn.
1544 3271 1695 3337 ecclesiae
1717 3275 1826 3353 ipsam
1850 3275 1931 3338 eleo·

1141 3369 1265 3430 tionem
1277 3368 1371 3431 vobis
1388 3366 1435 3449 (e)
1446 3370 1486 3432 de
1493 3372 1736 3435 consuetudine
1750 3375 1930 3452 praesenta-

1141 3469 1220 3542 tam,
1239 3469 1276 3530 ut
1296 3469 1537 3532 confirmaretis
1550 3471 1710 3546 eamdem,
1724 3473 1856 3536 irritam
1876 3473 1931 3534 dc-

1141 3565 1311 3640 crevistis;
1324 3583 1384 3644 pro
1397 3583 1436 3629 eo
1446 3567 1534 3645 qnod
1544 3569 1610 3632 duo
1620 3571 1774 3632 canonici
1786 3571 1931 3634 ecclesiae

1141 3663 1327 3742 saepedictas
1348 3665 1382 3726 in
1396 3665 1556 3727 electores
1571 3667 1725 3744 praefatos
1738 3685 1806 3731 non
1822 3671 1932 3733 contu-

1140 3763 1252 3826 lerunt
1263 3764 1339 3825 vota
1352 3780 1425 3838 sua,
1435 3765 1468 3826 et
1480 3764 1558 3842 quia
1568 3765 1701 3844 quidam
1716 3768 1804 3830 alins
1814 3767 1849 3830 in
1860 3784 1932 3830 eos-

1141 3859 1215 3922 dem
1239 3863 1352 3938 votum
1374 3877 1471 3923 suurn
1492 3862 1646 3938 contulit,
1669 3864 1699 3926 si
1726 3879 1844 3928 omnes
1873 3863 1933 3943 ipsi

1141 3958 1305 4021 electores
1318 3960 1445 4037 pariter
1458 3959 1721 4025 concordarent:
1744 3955 1833 4026 alius
1857 3977 1932 4026 vero

1141 4057 1377 4136 appellationis
1392 4057 1602 4136 interjecisse
1617 4059 1826 4124 obstaculum
1841 4061 1932 4124 dice·

1140 4155 1248 4218 batur.
1274 4159 1383 4230 Quare
1411 4157 1585 4234 praefatum
1614 4159 1795 4237 capitulum
1832 4161 1933 4221 multa

1141 4253 1238 4317 nobis
1259 4253 1420 4316 instantia
1443 4254 1658 4334 supplicavit,
1681 4259 1718 4320 ut
1741 4257 1933 4335 praedictum

1140 4469 1250 4598 Bitscopi
1279 4467 1510 4527 mediolanensis.
1533 4469 1642 4552 ¹Ferrum
1663 4483 1733 4527 vero
1762 4471 1792 4529 S.
1818 4471 1935 4531 ioannis

1169 4541 1349 4598 cartanensis
1373 4540 1401 4596 in
1418 4538 1569 4607 Subeudra,
1582 4541 1611 4597 S.
1625 4541 1697 4598 Ιοιιιι
1710 4541 1743 4599 de
1756 4541 1933 4611 lineriensis,

1139 4609 1236 4668 subest
1249 4609 1464 4684 archiepiscopo
1477 4609 1643 4671 Viennensi.

1177 4679 1214 4752 (a)
1234 4681 1275 4736 Dc
1291 4681 1499 4739 consuetudine.
1517 4683 1572 4740 Cur
1594 4681 1633 4740 aii
1648 4681 1787 4753 Pontifex,
1807 4684 1846 4743 de
1865 4699 1932 4742 con·

1140 4749 1299 4818 suetudine,
1316 4752 1391 4823 quod
1403 4767 1468 4810 esse
1483 4751 1594 4810 videtur
1608 4751 1717 4826 dejure
1732 4757 1890 4822 reinmuni,
1906 4761 1935 4813 ni

1141 4821 1176 4879 ad
1191 4825 1450 4894 metropolitanum,
1468 4824 1608 4896 pertineat
1621 4823 1820 4884 confirmatio:
1841 4827 1936 4885 canl

1139 4894 1237 4950 cornil.
1245 4891 1360 4951 Nitenti
1367 4913 1375 4966 3
1382 4896 1411 4944 τὸ
1421 4897 1447 4945 δε
1456 4901 1528 4962 κῦρος
1538 4901 1586 4944 τῶν
1596 4896 1730 4960 γινομένων
1741 4899 1851 4950 δίδοσθαι
1862 4897 1937 4950 να55·

1140 4965 1233 5026 κᾶστιν
1253 4967 1375 5031 ἐπαρχίαν
1386 4970 1420 5032 τῷ
1431 4969 1605 5033 retromissa,
1617 4967 1693 5039 qood
1703 4983 1760 5026 non
1768 4971 1935 5043 intelligitur

1140 5041 1248 5094 tantum
1268 5035 1304 5093 de
1328 5036 1517 5108 ordinatione,
1540 5025 1590 5100 sed
1613 5039 1700 5098 etiam
1722 5040 1757 5098 de
1778 5041 1935 5100 conflrma-

1139 5107 1227 5176 tione,
1248 5115 1278 5165 ιιι
1293 5117 1368 5166 recte
1392 5109 1524 5168 Balsnmo
1543 5113 1677 5188 exponit3
1697 5120 1727 5170 et
1747 5115 1875 5170 Zonaras
1900 5111 1935 5168 ad

1139 5179 1342 5245 eumdem,n0n
1355 5179 1446 5237 sotum
1458 5187 1620 5250 repetentem
1635 5184 1826 5250 κοιιοιιιροοιν
1839 5183 1935 5250 idest,

1138 5265 1274 5307 ιιιιιιιιιιιιιι
1298 5251 1508 5324 irnposttioncrn,
1524 5261 1549 5312 at
1563 5257 1614 5328 jus
1632 5255 1863 5324 coonsecrationis,
1886 5253 1937 5311 sed

1138 5321 1223 5378 etiarn
1239 5323 1283 5382 τὴν
1295 5325 1487 5396 τελεῠιννιιίαι,
1506 5325 1592 5386 idest
1613 5328 1863 5400 corrfirmaticnem,
1885 5341 1936 5384 seu

1138 5393 1229 5464 operis
1246 5393 1447 5478 mediationem
1462 5399 1680 5483 metropolitano
1696 5404 1863 5470 competere
1883 5396 1934 5456 do·

1138 5471 1193 5533 cet,
1205 5471 1236 5521 ut
1250 5463 1347 5523 videre
1360 5471 1405 5522 est
1419 5469 1582 5542 inepistolrs
1595 5469 1741 5529 llincmari
1751 5467 1935 5530 lthemensis.

1138 5534 1212 5607 quod
1225 5535 1271 5608 jus
1280 5535 1315 5592 ab
1325 5535 1458 5597 omnibus
1467 5543 1641 5612 generaliter
1654 5546 1800 5614 receptum
1814 5547 1871 5597 est.
1885 5539 1937 5598 Cui

1139 5613 1233 5664 iernen
1253 5607 1406 5680 aliquando
1420 5609 1589 5685 derogatum
1610 5612 1697 5684 luisse
1711 5609 1938 5670 existimandum

1137 5684 1181 5734 est
1195 5691 1230 5734 cx
1246 5677 1300 5736 boe
1314 5693 1390 5751 cap,
1402 5679 1430 5736 in
1441 5697 1498 5754 quo
1514 5683 1654 5742 llcnorius
1667 5682 1696 5742 id
1710 5683 1872 5741 senonensi
1889 5697 1936 5740 ar·
