3988 6300
58 309 118 373 ies

56 471 263 548 subterfugia
288 471 321 532 et
341 470 569 534 cavillationes
591 488 705 534 eorum
720 472 771 552 (c)
794 489 854 551 per

52 571 238 632 triennium
262 568 439 646 prorogata
456 591 462 629 ι
479 569 512 630 et
533 569 666 652 taudem
690 573 764 648 post
784 571 852 634 litis

55 667 342 736 contestationem,
359 667 392 728 et
406 663 453 746 (b)
473 668 722 730 commissiones
741 669 852 730 varias

54 766 118 828 tibi
143 765 293 826 dedimus
316 764 351 824 in
375 763 550 836 mandatis,
578 766 614 827 ut
637 781 710 826 eain
725 766 766 826 ad
792 783 852 827 nos

54 862 207 924 remittas
222 861 423 922 sufficienter
437 860 650 936 instructam
672 861 751 924 dicti
774 864 854 924 Cer-

54 962 190 1023 vienses
216 959 402 1022 asserentes
429 957 622 1022 instantiam
647 959 766 1036 iudicii
794 975 854 1037 per

54 1059 233 1120 decursum
247 1055 384 1119 triennii
398 1056 549 1133 periisse,
567 1057 600 1119 et
620 1057 694 1120 ideo
709 1073 852 1134 respon-

54 1156 135 1216 dere
151 1154 213 1216 sub
234 1155 290 1217 tuo
305 1152 459 1216 examine
473 1155 666 1216 recusantes
686 1155 853 1216 consuetis

51 1252 387 1330 tergiversationibus
431 1267 624 1330 processum
670 1252 854 1329 impediunt

54 1352 155 1412 dictae
182 1365 302 1412 causae.
334 1349 492 1412 Nolentes
518 1350 623 1426 igitur
646 1350 681 1412 ut
704 1350 853 1428 eiusdem

52 1464 168 1510 causae
184 1448 307 1510 decisio
323 1447 462 1509 ulterius
481 1447 688 1524 prorogetur,
704 1463 854 1526 praesen-

52 1547 141 1608 tium
153 1545 214 1608 tibi
228 1545 425 1608 auctoritate
447 1545 653 1618 mandamus,
677 1547 850 1623 quatenus,

54 1644 252 1722 exceptione
267 1643 456 1721 hujusmodi
469 1658 535 1704 non
553 1642 714 1716 obstante,
729 1643 766 1704 in
788 1659 851 1705 ne-

54 1741 147 1817 gotio
176 1741 265 1818 ipse,
283 1808 285 1812 .
302 1739 524 1816 appellatione
556 1739 693 1811 remota,
723 1741 853 1802 ratione

53 1837 183 1916 praevia
210 1836 369 1916 procedas
390 1835 488 1915 juxta
514 1837 670 1899 traditam
695 1836 755 1899 tibi
779 1837 851 1900 icr-

52 1952 157 1998 mam.

53 2094 177 2155 „abbati
199 2091 318 2155 Sancti
331 2093 505 2168 Sicplinnt,
518 2091 633 2167 priori
649 2090 766 2154 soracti
780 2094 853 2154 iln-

91 2205 201 2273 drccc,
216 2199 368 2260 civitatis
388 2213 488 2259 ricem
504 2199 537 2260 ct
551 2195 596 2276 (c)
609 2201 851 2274 arcliiprcsby-

87 2308 172 2368 tero
185 2307 305 2369 Scncti
316 2308 455 2366 Erectis·
476 2307 655 2366 Verccttcn.

339 2483 483 2544 'CAPUT
508 2479 562 2543 IV.

87 2635 375 2714 significaverunt
400 2635 495 2698 nobis
527 2633 694 2696 abbatissa
718 2633 751 2694 et
780 2646 853 2691 mo-

51 2735 162 2796 niales
184 2734 377 2798 monasterii
400 2735 480 2796 iesu
501 2731 634 2802 Christi,
658 2727 849 2790 cistercien.

51 2833 195 2904 ordinis,
213 2832 298 2910 quod
321 2847 421 2909 quum
442 2829 595 2892 albricus
616 2825 764 2890 medicus
786 2828 852 2887 Pa-

49 2932 142 3007 pien.
153 2945 220 2991 eas
235 2928 277 3003 (dl
298 2945 409 2991 coram
428 2927 618 2990 consulibus
641 2925 777 3002 Papien.
794 2940 852 2984 su-

50 3044 113 3106 per
137 3028 281 3106 quadam
304 3041 432 3088 summa
454 3025 604 3103 pecuniae
633 3023 791 3086 traxisset
815 3022 851 3082 in

53 3273 116 3333 cap.
136 3261 270 3330 relatum,
286 3260 319 3318 de
332 3261 405 3334 estc.
422 3263 447 3317 et
459 3263 556 3331 potest.
572 3259 661 3332 judic.
679 3257 807 3327 deleant
821 3255 849 3312 in

52 3330 108 3388 liac
120 3333 220 3404 specie
235 3333 269 3390 lis
283 3339 344 3389 eret
357 3337 526 3398 contestato,
539 3336 570 3387 ut
584 3332 661 3401 patet
675 3343 711 3385 ex
726 3327 770 3384 liis
784 3341 849 3383 ver·

52 3401 119 3460 bis:
137 3405 177 3460 Et
196 3404 308 3459 tamenn
326 3407 388 3473 post
410 3403 468 3458 titis
487 3401 712 3458 concitationem
733 3402 757 3455 et
776 3413 848 3454 com·

51 3473 202 3530 missiones
217 3473 323 3542 carmi,
338 3473 389 3528 tibi
403 3473 529 3528 dedimus
545 3471 576 3526 ia
588 3469 730 3526 mariitotis
745 3473 776 3524 nt
790 3483 851 3523 com

52 3545 88 3599 od
102 3559 157 3600 nes
168 3545 296 3600 remites
310 3543 482 3615 sufficienter
497 3543 676 3598 instructam.
690 3536 733 3598 Ex
749 3537 851 3611 quibus

51 3615 121 3672 satis
143 3621 257 3672 constat
278 3612 334 3670 bec
354 3621 440 3686 caput
457 3628 516 3670 nen
537 3611 606 3669 dero
630 3625 679 3668 are
699 3609 756 3683 juri
776 3610 851 3681 legis

48 3686 274 3756 properandum,
290 3691 319 3741 et
339 3685 386 3741 vix
409 3683 562 3758 quidquam
577 3626 850 3764 haffiereceminune

52 3771 117 3812 cum
132 3770 183 3813 ea:
201 3754 388 3828 suspenderat
398 3755 484 3812 variis
496 3754 745 3812 commissionibus
759 3753 851 3808 Hono

51 3828 111 3884 rius
136 3827 196 3883 litis
219 3839 394 3899 processum,
411 3841 495 3897 quem
517 3824 603 3882 adse
626 3828 805 3892 evocaverat,
822 3828 851 3879 ct

48 3897 158 3955 deinde
183 3897 306 3971 coguitis
334 3895 562 3954 cavillationibus
590 3895 786 3962 cerviensium
815 3891 850 3950 ad

52 3968 224 4040 archiepisc.
240 3969 399 4025 Ravennat.
415 3967 579 4025 remittitv.
601 3963 651 4022 iul.
668 3963 795 4034 Append.
869 4021 870 4024 ,

80 4040 131 4113 ’(ο)
148 4041 203 4096 Per
225 4035 391 4096 trienninm.
407 4038 528 4111 liicoepit
542 4037 635 4104 enim,
653 4042 724 4092 teste
747 4035 847 4090 Hiero·

51 4125 141 4182 nymo
157 4111 265 4180 liabeo,
280 4124 356 4168 anuo
371 4110 451 4179 llil,
465 4116 493 4165 et
507 4107 674 4178 rescriptum
690 4105 745 4187 hcc
758 4107 850 4162 lione·

51 4183 83 4238 rii
99 4182 202 4238 datum
216 4189 260 4238 est
274 4196 349 4238 anuo
366 4180 444 4248 ital,
460 4181 494 4236 15
509 4179 571 4236 Kal.
586 4176 741 4236 Februarii

87 4251 125 4324 (b)
138 4253 349 4309 Cornmissioncs
359 4251 466 4308 corias.
475 4251 581 4316 Prima,
593 4247 629 4306 ad
639 4247 848 4304 Ariminensem

50 4325 230 4395 episcopum,
250 4329 279 4380 et
297 4323 444 4380 Nicolaum
461 4322 488 4379 S.
504 4319 617 4396 iuliani¹
631 4317 779 4385 abbatem3
801 4332 846 4374 se·

50 4393 145 4450 conda
159 4393 196 4450 ad
211 4393 392 4466 praepositum
408 4391 687 4464 Foroponipilianum
696 4405 705 4459 3
719 4388 800 4444 tertia
813 4386 849 4444 ad

53 4465 85 4521 G.
102 4463 321 4531 subdiaconum,
337 4470 366 4520 et
380 4478 396 4520 a
411 4464 500 4520 sacris
515 4460 632 4519 llonorii
648 4461 698 4517 lli.
806 4527 811 4540 .

86 4535 136 4620 tc)
161 4536 411 4604 archipresbitero
441 4534 468 4590 S.
499 4532 624 4589 durabit.
653 4531 681 4587 S.
709 4526 848 4585 Eusebius

50 4601 206 4678 episcopus
232 4552 420 4666 vercellensis
445 4601 610 4662 llcruit.sub
629 4599 803 4682 Constantio,
820 4606 849 4654 et

51 4679 162 4748 primus
176 4678 205 4732 in
218 4675 435 4744 ltalia‘auctore
454 4677 490 4731 b.
505 4671 667 4740 Ambrosio,
679 4676 771 4744 punxit
786 4683 845 4740 poe-

51 4747 201 4804 nitentlam
224 4745 430 4803 monachorum
445 4760 509 4802 cum
525 4742 665 4816 dignitate
681 4748 709 4798 et
723 4753 845 4822 occupo·

50 4820 129 4875 tione
148 4817 336 4887 clericerum,
352 4817 424 4873 sicut
445 4819 479 4873 l).
502 4815 640 4873 Martinus
654 4813 684 4868 in
699 4810 798 4880 Gallia,
820 4817 848 4867 et

51 4891 83 4946 ll.
101 4889 282 4964 Augustinus
295 4888 325 4944 in
339 4885 445 4944 Africa.

87 4959 131 5032 (d)
154 4961 256 5016 Geram
275 4959 444 5015 censalibus.
460 4954 715 5014 Litiscontestatic
729 4951 848 5009 babetur

51 5045 102 5100 pro
127 5029 337 5087 renuntiatione
358 5027 580 5101 prescriptionis
601 5025 665 5094 lori,
685 5025 703 5080 l.
726 5025 751 5088 l,
765 5023 797 5094 ff.
816 5023 848 5076 dc

45 5102 153 5172 judic,
167 5099 242 5172 quod
256 5099 370 5182 quidem
384 5101 478 5157 locum
494 5097 620 5154 hebetia
635 5093 848 5176 praescriptione

48 5173 103 5228 lori
114 5171 300 5228 ecclesiastici
311 5179 408 5227 centra
421 5168 497 5227 allud
508 5168 599 5226 lorum
610 5167 846 5246 ecclesiasticum,

48 5249 80 5298 ut
95 5250 142 5298 est
156 5243 185 5298 in
202 5256 266 5314 cap.
287 5242 391 5308 dilecti,
408 5243 441 5297 dc
458 5242 522 5312 (oro
542 5243 655 5308 compet.
678 5238 714 5292 At
729 5235 776 5292 hic
791 5249 848 5316 ino-

49 5312 225 5384 nialesjuris
239 5313 284 5368 sui
303 5311 412 5384 ignarae
432 5324 528 5368 coram
544 5307 707 5366 consulibus
730 5309 848 5377 Papian-

47 5384 130 5440 sibus
147 5389 316 5441 contemnis
337 5381 458 5450 inerant,
472 5380 541 5437 ideo
561 5393 618 5436 non
634 5377 764 5458 videntur
783 5389 848 5457 con·

49 5455 190 5522 sensisse,
205 5467 261 5510 nec
276 5455 454 5510 renuntiasse
472 5451 529 5523 juri
553 5464 616 5517 suo,
633 5456 664 5506 ut
678 5453 847 5504 nominatim

51 5525 192 5595 Ulpianus
212 5522 310 5580 scribit
321 5523 350 5580 ln
364 5524 383 5580 l.
397 5525 424 5592 1,
441 5523 475 5578 dc
484 5521 624 5592 judiciis:
641 5521 735 5576 lirrcr
750 5517 845 5587 iitiga-

50 5601 146 5650 terum
165 5609 328 5651 consensum
347 5610 403 5650 nori
424 5593 512 5650 babet.
534 5594 615 5648 llanc
638 5597 733 5647 autem
753 5601 845 5669 evitas·

50 5667 161 5723 donem
194 5679 230 5722 au
252 5663 372 5722 clericus
391 5663 452 5721 icio
473 5662 666 5722 ecclesiastico
686 5666 847 5718 renuntiare

193 5843 309 5892 airaon.
329 5842 404 5888 roua
423 5830 446 5889 1.

519 391 522 396 ,
576 312 732 384 QUINTA
757 313 1020 374 COMPILATIO.
1045 312 1122 374 LIB.
1147 313 1187 372 ΙΙ.

1647 316 1703 376 191

908 489 1053 545 causam,
1067 473 1250 534 metuentes
1263 471 1344 549 ipsae
1360 469 1406 551 (c)
1420 472 1553 534 illorum
1569 490 1704 536 consue

907 572 974 631 tam
998 569 1169 642 malitiam,
1191 585 1265 647 quae
1288 569 1345 632 diu
1369 571 1483 632 contra
1507 571 1645 634 clericos
1671 575 1704 635 et
1771 633 1775 643 ,

909 668 1072 728 Ecclesias
1087 668 1235 728 noscitur
1249 666 1421 738 ferbuisse,
1435 685 1535 744 quum
1545 668 1645 731 timor
1659 686 1703 732 ex

907 766 1011 827 veteri
1035 765 1136 825 saciat
1149 765 1289 826 ventura
1303 765 1424 837 timeri,
1442 781 1553 826 cerain
1578 766 1702 828 eisdem

908 861 1098 924 oonsulibus
1121 861 1212 924 litem
1235 877 1334 940 super
1346 863 1409 923 lioc
1422 865 1613 926 contestatae
1629 865 1703 927 fue-

907 961 995 1033 runt,
1016 959 1073 1037 qui
1096 975 1270 1036 perperam
1298 960 1527 1036 procedentes,
1554 962 1701 1040 iniquam

908 1056 1093 1118 contraeas
1116 1072 1215 1134 super
1236 1057 1357 1118 sortem
1376 1073 1416 1118 ac
1437 1075 1556 1120 usuras
1578 1060 1703 1122 cirnm-

906 1155 1009 1216 tivam
1024 1155 1221 1217 sententiam
1243 1153 1504 1231 promulgarunt.
1524 1158 1616 1220 Unde
1638 1159 1702 1219 liu-

907 1252 1030 1314 militer
1052 1252 1228 1329 petierunt,
1245 1252 1281 1314 nt
1302 1269 1403 1328 quum
1417 1253 1450 1313 id
1466 1253 1566 1316 suerit
1587 1256 1702 1320 contra

907 1349 1092 1412 libertatem
1105 1350 1261 1411 Ecclesiae
1278 1350 1484 1423 attentatum,
1502 1353 1579 1428 quia
1594 1353 1703 1415 eccle-

907 1447 1050 1510 siasticae
1082 1463 1233 1525 personae
1260 1463 1327 1510 nou
1355 1448 1461 1508 solum
1490 1448 1615 1522 invitae,
1645 1452 1703 1512 sed

908 1545 1216 1608 etiamvoluntariae
1239 1561 1306 1606 non
1327 1547 1465 1622 possunt
1486 1547 1522 1608 ut
1538 1548 1702 1624 judicium

907 1642 1046 1705 subeant
1060 1643 1221 1706 saeculare
1233 1643 1369 1720 pacisci,
1382 1659 1482 1721 quum
1497 1660 1564 1706 non
1578 1645 1622 1706 sit
1629 1660 1703 1727 per-

907 1741 1021 1802 sonale
1042 1741 1105 1802 lioc
1126 1739 1334 1812 beneficium,
1354 1741 1408 1802 cui
1430 1743 1617 1804 renuntiari
1642 1759 1703 1805 va-

908 1837 983 1910 leat,
995 1838 1052 1898 sed
1066 1837 1229 1900 indultum
1243 1839 1353 1915 potius
1367 1839 1428 1900 teti
1443 1839 1581 1914 collegio
1595 1841 1703 1902 eccle-

907 1936 1052 2008 siastico,
1069 1936 1123 1997 cui
1138 1936 1341 2012 privatorum
1356 1937 1451 2012 pacto
1467 1936 1620 2013 derogari
1634 1953 1702 1999 uon

906 2033 1023 2110 potest,
1040 2032 1209 2096 subveniri
1233 2033 1297 2094 sibi
1315 2034 1351 2094 in
1370 2033 1433 2094 liac
1455 2028 1548 2110 parte
1569 2035 1702 2096 miseri-

906 2131 1050 2194 corditer
1073 2131 1296 2208 dignaremur.
1323 2131 1407 2203 Quia
1433 2146 1513 2193 vero
1538 2132 1702 2194 sententia

905 2246 980 2307 quae
995 2245 1015 2290 a
1029 2245 1096 2290 non
1110 2245 1171 2291 suo
1186 2228 1299 2306 jndice
1321 2227 1559 2306 promulgatur,
1577 2229 1701 2292 nullius

907 2326 1003 2389 debet
1025 2343 1098 2388 esse
1121 2325 1290 2398 momenti,
1318 2325 1417 2387 discr.
1445 2344 1476 2388 v.
1506 2327 1701 2388 mandamus

907 2425 1079 2503 quatenus,
1101 2425 1131 2485 si
1152 2423 1202 2486 est
1225 2424 1282 2496 ita,
1309 2423 1507 2486 sententiam
1529 2425 1701 2488 consulum

904 2523 1139 2600 praedictorum
1150 2521 1331 2584 invalidam
1339 2521 1470 2599 penitus
1481 2521 1701 2600 (i),etnullas

907 2620 1028 2682 babere
1039 2621 1139 2692 vires,
1158 2618 1354 2682 auctoritate
1368 2619 1558 2696 Apostolica
1573 2620 1703 2682 denun-

906 2719 1013 2794 tietis;
1028 2717 1174 2780 audituri
1188 2715 1395 2794 postmodum
1407 2717 1439 2776 si
1455 2717 1532 2793 quid
1553 2717 1592 2777 in
1613 2734 1703 2793 prae-

906 2815 1009 2878 latum
1033 2816 1208 2888 medicum,
1233 2814 1266 2875 et
1288 2813 1450 2874 moniales
1482 2814 1572 2892 ipsas
1601 2813 1702 2876 luerit

906 2915 1109 2993 questionis,
1121 2913 1154 2976 et
1167 2912 1260 2984 illud,
1272 2911 1493 2989 appellatione
1503 2912 1698 2989 postposita,

906 3011 1060 3074 decisuri.

903 3245 995 3320 possit
1007 3253 1104 3304 contra
1118 3245 1288 3303 sententiam
1304 3241 1422 3316 cujacii,
1445 3240 1481 3301 ed
1498 3241 1569 3300 titul.
1586 3244 1619 3299 de
1635 3245 1701 3316 [erc

905 3324 1032 3388 compet,
1046 3318 1077 3374 in
1087 3317 1223 3374 Paratitt.
1241 3315 1435 3372 tractavimus.

941 3389 977 3462 (ο)
991 3389 1112 3446 litorum
1125 3391 1283 3444 comantem
1296 3385 1446 3442 moleton.
1466 3385 1571 3442 Omnes
1588 3384 1645 3441 sere
1660 3387 1699 3442 ci·

905 3459 1006 3517 vitatos
1021 3459 1110 3516 ltaliae
1125 3456 1161 3512 ob
1174 3455 1312 3512 bellorum
1328 3454 1491 3511 incendium
1506 3455 1580 3510 inter
1595 3455 1699 3538 Philip-

905 3544 983 3602 pum,
999 3529 1150 3594 Othonem,
1163 3534 1191 3584 et
1208 3526 1392 3592 Friderioum
1406 3525 1550 3581 libertates
1565 3528 1699 3584 Ecclesiae

905 3615 1042 3673 usurpare
1050 3605 1203 3666 tentarunt,
1211 3603 1242 3654 ut
1249 3596 1308 3668 jam
1320 3595 1443 3653 diximus
1453 3609 1489 3652 ex
1498 3596 1699 3654 constitutione

906 3671 1039 3729 Friderici
1053 3673 1088 3728 ll.
1105 3669 1185 3726 ldein
1202 3665 1238 3726 de
1257 3669 1400 3726 Potestate
1415 3666 1642 3724 Florentinorum
1654 3667 1696 3724 di·

904 3743 985 3810 citur,
1002 3743 1092 3812 intro,
1106 3753 1187 3812 sequ.
1203 3753 1266 3811 cap.
1370 3805 1371 3810 η

936 3813 979 3885 tl)
997 3813 1026 3872 Si
1035 3813 1082 3870 les
1095 3810 1294 3870 constitutioni
1308 3807 1471 3882 imperiales
1484 3807 1614 3866 inserees
1627 3809 1699 3868 dans

904 3885 931 3942 la
946 3884 1129 3976 compilation
1153 3881 1204 3939 des
1224 3878 1382 3938 decretales
1395 3881 1593 3938 lionoriennes
1608 3889 1657 3938 ont
1672 3883 1698 3938 la

901 3953 981 4013 'lorce
993 3954 1010 4012 d
1022 3969 1059 4010 un
1075 3952 1149 4010 droit
1166 3951 1390 4018 concordateire,
1405 3957 1491 4008 avant
1505 3949 1634 4034 l'epoque
1648 3951 1699 4009 des

904 4025 1108 4091 concordasti
1121 4023 1206 4095 sagit
1217 4021 1266 4088 ici,
1285 4037 1341 4077 non
1354 4022 1420 4093 plus
1434 4020 1472 4077 du
1486 4020 1560 4078 droit
1574 4038 1695 4079 concor-

904 4096 1021 4162 datuire,
1045 4095 1118 4150 mais
1138 4093 1174 4150 de
1196 4093 1224 4149 la
1246 4091 1322 4148 iorce
1344 4091 1460 4162 acquise
1480 4088 1495 4147 ii
1516 4093 1542 4148 la
1562 4100 1699 4150 sentence

904 4165 1068 4224 pontificale
1082 4163 1155 4220 dans
1170 4178 1225 4220 une
1240 4161 1371 4234 questimi
1387 4161 1498 4218 reselue
1513 4175 1564 4232 par
1579 4163 1604 4218 la
1618 4163 1695 4233 puis-

904 4253 990 4294 sance
1009 4234 1102 4303 civile,
1122 4234 1421 4314 contraireinent'eux
1442 4231 1496 4286 lois
1515 4230 1550 4288 de
1570 4232 1696 4304 l'llglisc.

903 4309 1046 4366 Honorius
1061 4305 1139 4378 parle
1154 4319 1224 4361 avec
1241 4303 1370 4368 autoritc,
1389 4323 1399 4352 ι
1418 4309 1553 4372 tanquam
1572 4310 1696 4374 potesta·

904 4386 960 4436 tem
978 4377 1097 4450 liabens.
1115 4399 1126 4428 »
1141 4376 1198 4433 Son
1213 4376 1339 4446 langage
1349 4371 1407 4429 deit
1420 4373 1478 4428 etrc
1494 4371 1651 4444 mpproetie
1662 4373 1697 4432 de

903 4449 975 4507 celui
1000 4449 1036 4506 de
1061 4448 1110 4505 Pie
1129 4447 1190 4504 IX:
1216 4443 1377 4502 Allocotion
1400 4457 1544 4513 nrrnpnom
1570 4445 1633 4514 sore
1661 4444 1698 4502 du

904 4521 937 4578 15
958 4518 1109 4578 decembre
1136 4517 1228 4574 istc:
1259 4537 1270 4565 ι
1297 4513 1352 4570 Sed
1380 4514 1559 4595 llexlcanum
1591 4513 1696 4586 guber·

903 4591 992 4658 nium,
1001 4589 1201 4648 ecclesiasticis
1208 4585 1292 4644 bonis
1300 4583 1427 4655 direptis,
1438 4583 1490 4640 alia
1504 4582 1697 4656 lectitarent,

903 4675 1023 4734 querum
1043 4675 1100 4717 unc
1119 4660 1214 4731 legem
1234 4656 1269 4714 de
1292 4654 1415 4736 quadam
1430 4654 1565 4726 religiosa
1591 4653 1697 4715 familia

902 4733 931 4790 in
944 4731 1084 4790 Merinum
1097 4726 1256 4786 revocanda
1273 4725 1405 4794 abolevit,
1420 4725 1509 4782 altero
1525 4739 1592 4782 vero
1608 4726 1699 4786 decla-

903 4804 976 4861 ravit
985 4817 1016 4858 se
1028 4815 1144 4858 omnem
1157 4804 1403 4870 cpemetoperam
1415 4795 1545 4868 praebere
1557 4797 1592 4853 lis
1605 4800 1697 4855 omni-

901 4873 955 4930 bus
969 4873 1114 4942 utriusque
1130 4883 1216 4927 sexus
1231 4867 1414 4940 ltcgulnrium
1435 4865 1571 4923 Ordinum
1594 4867 1697 4927 sedali-
1752 4866 1759 4882 '

902 4943 955 5002 bus
968 4944 1015 5015 qui
1026 4957 1042 4999 a
1052 4947 1183 5014 suscepta
1194 4939 1328 5066 religiosa
1341 4939 1398 4996 vita
1410 4937 1564 5007 daciscam,
1574 4939 1697 4998 claustra

902 5014 1044 5081 deserere,
1064 5027 1152 5084 seque
1177 5025 1192 5068 a
1216 5009 1251 5066 de
1273 5010 1310 5066 ita
1333 5009 1453 5081 propriis
1472 5008 1699 5068 moderatoribus

902 5083 1062 5143 obedientia
1077 5085 1201 5140 eximere
1216 5080 1330 5137 vellent.
1346 5081 1445 5152 Neque
1461 5079 1489 5135 id
1503 5081 1582 5136 satis.
1606 5083 1694 5139 Nam-

902 5152 1696 5228 quenatisnatisilleConventusllepiitotornmcensitio..

903 5242 1007 5284 nevam
1022 5225 1169 5298 proposuit
1186 5222 1417 5280 constitutionem
1433 5221 1529 5276 multis
1543 5223 1697 5282 conflatam

903 5297 1027 5355 articulis
1059 5309 1179 5368 quorum
1211 5294 1307 5364 plures
1328 5290 1440 5370 ,divinae
1467 5292 1521 5362 ipsi
1555 5294 1698 5365 Religioni

902 5361 1698 5439 ejusquesalotaridoctrinae,sanctissimisqueinstitutis

902 5446 930 5496 et
941 5437 1051 5511 juribus
1066 5437 1149 5510 plane
1165 5433 1359 5490 adversantur.
1375 5434 1436 5490 llac
1450 5434 1526 5490 enim
1540 5449 1613 5492 nova
1630 5451 1694 5508 pro-

902 5512 993 5583 posita
1016 5507 1226 5572 constitutione,
1249 5512 1350 5576 praeter
1374 5503 1439 5571 alia,
1456 5511 1484 5559 et
1501 5518 1586 5560 omne
1605 5507 1696 5562 eccle-

901 5581 1008 5637 siastici
1021 5578 1075 5636 lori
1092 5577 1272 5648 privileriuin
1286 5574 1423 5631 tollitur...
1440 5574 1617 5630 Pontificiain
1635 5589 1697 5630 uos·

902 5658 974 5708 tram
996 5649 1158 5722 apostolica
1182 5617 1310 5703 lfiiertatc
1339 5658 1438 5703 vocem
1473 5644 1640 5714 attollimus,
1670 5653 1697 5702 et

1527 5812 1553 5870 7.
