3968 6296
276 374 336 436 587
894 369 1069 432 HONORII
1091 370 1136 432 111
1158 369 1307 430 OPERA.
1842 378 1890 440 5a3

276 533 383 608 misit,
409 535 566 614 tanquam
590 530 834 594 inobedientem
857 535 891 596 at
917 529 1075 594 rebellem
1129 545 1205 592 cum
1223 527 1439 606 complicibus
1452 528 1686 607 suispcmpose
1699 529 1889 600 intravrtlta-

277 629 1075 708 iteratoexcommunicationisubjectequibusda
1128 627 1220 690 ham.

277 731 435 811 peractis,
455 730 556 806 legati
578 745 651 792 cum
667 727 897 805 indignatione
919 728 960 790 ad
983 729 1073 804 regis
1170 727 1219 788 12.
1242 725 1364 788 Eodem
1375 726 1524 803 tempore
1540 726 1627 788 idem
1640 742 1709 800 rex,
1725 726 1891 796 inmauima

277 828 489 906 praesentiam
515 827 701 900 redierunt,
725 825 831 904 ipsius
859 826 1008 888 animum
1032 825 1073 886 ad
1128 823 1275 900 potentia
1284 825 1317 886 et
1328 839 1429 885 manu
1439 823 1815 897 robusta,commissurus
1824 844 1892 904 pra·

276 925 453 999 deteriora,
470 927 557 988 sicut
570 925 635 988 viri
648 929 716 988 Deo
735 923 1073 997 odibiles,instantius
1127 921 1209 983 lium
1224 938 1298 983 cnm
1313 936 1391 998 rege
1407 921 1592 1000 Rodulpho,
1608 923 1831 986 contumaciter
1849 927 1893 988 in·

276 1027 531 1087 commoventes.
548 1027 621 1091 Rex
632 1040 712 1086 vero
728 1022 783 1084 ubi
799 1037 836 1086 se
850 1021 1006 1100 cognovit
1014 1037 1074 1100 per
1116 1019 1231 1082 travit
1246 1020 1443 1096 saxoniam
1457 1020 1512 1082 cui
1523 1035 1567 1083 cx
1578 1019 1714 1082 adverso
1725 1021 1891 1099 liudulphus

276 1122 476 1184 sententiam
501 1123 644 1185 Romani
668 1121 839 1184 Pontifleis
860 1137 880 1182 a
906 1119 1073 1182 consortio
1127 1118 1279 1196 potenter
1300 1119 1463 1194 occurrit3
1478 1118 1512 1181 et
1530 1117 1734 1180 atrocissimo
1747 1118 1893 1184 hincinde

275 1219 422 1282 fidelium
447 1223 668 1296 segregatum,
689 1219 798 1282 tristis
819 1217 957 1281 effectus
986 1217 1036 1280 est
1063 1238 1071 1278 :
1127 1215 1893 1294 iuctccongressu,Henricusccntumelioseterga

274 1318 332 1380 scd
357 1335 432 1379 cum
454 1334 474 1380 a
499 1319 642 1382 diversis
668 1317 802 1380 diversa
827 1317 986 1378 darentur
1009 1314 1072 1377 sibi
1126 1315 1241 1392 vertit3
1257 1315 1357 1392 atque
1370 1315 1554 1392 inlongnm
1569 1313 1728 1378 acerrime
1744 1313 1783 1376 ab
1803 1314 1894 1380 hesti-

274 1416 428 1490 consilia,
446 1416 481 1477 in
503 1415 683 1478 anxietatis
703 1414 803 1478 dubio
828 1415 974 1492 positus,
994 1412 1072 1491 quid
1126 1411 1187 1474 bus
1198 1413 1526 1492 persecutus‚jamde
1538 1413 1607 1475 vita
1620 1411 1777 1486 ditildens,
1787 1413 1819 1474 in
1831 1431 1894 1491 quo·

275 1515 386 1598 potius
412 1515 550 1591 eligeret
564 1513 750 1591 ignorabat.
766 1513 913 1576 Tandem
931 1527 1072 1590 perver-
1127 1511 1202 1574 dam
1221 1528 1257 1574 se
1276 1513 1385 1574 castro
1400 1512 1536 1589 recepit,
1550 1510 1607 1572 ubi
1628 1527 1686 1588 per
1705 1511 1820 1588 septem
1832 1511 1894 1574 die-

276 1627 389 1676 corum
416 1613 602 1675 antistitum
626 1615 660 1674 et
680 1611 857 1689 impiorum
886 1609 1072 1688 principum
1126 1625 1200 1670 rum
1227 1610 1370 1688 spatium
1395 1610 1552 1674 latitavit.
1578 1608 1766 1687 liudulphus
1791 1611 1893 1684 autern

275 1709 441 1772 sententia
455 1710 669 1788 praevalente,
687 1709 773 1786 apud
785 1708 935 1772 Brixiam
946 1707 994 1790 (1)
1008 1723 1072 1786 ge-
1127 1707 1212 1771 sicut
1225 1709 1278 1770 vir
1290 1708 1491 1772 fortissimus
1506 1709 1540 1771 et
1553 1708 1709 1781 famosus,
1722 1706 1794 1768 etin
1803 1723 1895 1769 armo-

272 1807 421 1874 noralem
436 1806 564 1870 curiam
574 1805 737 1884 disposuit
751 1805 933 1870 celebrare.
950 1807 1073 1868 Convo-
1126 1823 1200 1868 rum
1224 1807 1482 1870 excercitaticne
1505 1805 1681 1884 probatus,
1713 1821 1894 1883 nequaquam

274 1906 396 1967 nerunt
410 1905 521 1983 itaque
535 1905 571 1966 in
590 1904 663 1966 loco
684 1903 756 1982 ipso
772 1903 905 1982 plurimi
921 1903 1072 1966 seditiosi
1126 1904 1225 1982 rugit,
1249 1906 1306 1968 sad
1332 1906 1438 1968 victor
1461 1907 1494 1968 et
1514 1904 1734 1983 triumphator
1753 1901 1894 1976 occubuit,

273 2005 307 2065 et
327 2002 469 2065 inlanres
481 2001 639 2080 episcopi,
654 2018 729 2064 cum
745 2002 955 2065 multitudine
968 2001 1072 2065 cleri·
1127 2000 1204 2078 quia
1223 2015 1299 2062 eum
1321 2000 1373 2063 sui
1394 2015 1462 2062 non
1482 2001 1718 2077 cognoscentes
1740 1997 1896 2062 exitialiter

273 2115 387 2162 corum
403 2102 436 2165 et
456 2101 654 2178 principum,
670 2101 833 2178 quatenus
858 2101 893 2161 in
904 2101 1071 2178 jacturam
1125 2099 1384 2162 vulneraverant
1404 2096 1467 2179 (α).
1488 2101 1569 2162 Cum
1590 2099 1700 2162 autem
1723 2097 1835 2160 diutius
1850 2111 1896 2158 re-

273 2197 398 2259 domini
414 2198 565 2274 Gregorii
579 2201 679 2275 Papae
698 2200 836 2274 possent
850 2197 974 2276 aliquid
991 2198 1070 2260 mali
1126 2195 1315 2274 quireretur
1328 2213 1348 2259 a
1360 2197 1461 2259 sociis
1474 2197 1554 2270 suis,
1570 2197 1702 2260 tandem
1716 2210 1809 2274 super
1824 2197 1897 2256 stra·

273 2294 430 2360 ordinare
453 2296 505 2358 vel
530 2297 689 2369 statuere,
715 2295 751 2357 ut
778 2296 865 2357 inter
886 2298 1070 2358 Romanam
1125 2311 1199 2372 gem
1231 2296 1265 2358 et
1294 2295 1457 2358 cadavera
1489 2293 1721 2368 inimieorum,
1748 2309 1809 2356 ncn
1835 2293 1896 2356 siue

272 2393 456 2456 Ecclesiam
484 2394 517 2456 et
544 2393 723 2471 Imperium
750 2392 918 2455 discordia
948 2393 1069 2462 suturis
1125 2393 1261 2470 planctu
1283 2394 1440 2466 maximo,
1456 2395 1610 2471 repertus
1629 2393 1695 2466 est,
1714 2395 1803 2471 cnjus
1821 2406 1895 2454 mors

272 2491 474 2568 temporibus
489 2491 672 2554 fulciretur.
689 2491 937 2554 communicato
958 2491 1070 2570 itaque
1124 2493 1297 2569 postquam
1313 2492 1469 2564 ilenric0,
1486 2492 1632 2554 latitanti
1645 2493 1678 2554 et
1689 2491 1729 2553 de
1739 2487 1896 2567 tuqacogi·

272 2587 454 2652 execrabili
479 2589 512 2652 et
532 2589 725 2652 detestando
747 2589 904 2662 consilio,
927 2589 968 2651 de
989 2607 1071 2652 con·
1124 2591 1209 2652 tanti
1237 2590 1389 2654 nuntiata
1418 2589 1491 2662 fuit,
1517 2607 1598 2652 mox
1625 2590 1660 2650 in
1689 2589 1786 2652 altum
1809 2601 1896 2650 cornu

272 2703 373 2750 sensu
397 2687 503 2766 ipsius
526 2688 629 2765 regis,
646 2688 820 2764 elegerunt
833 2687 867 2750 in
883 2691 1068 2751 Romanurn
1124 2705 1220 2750 suum
1242 2689 1361 2761 erexit,
1378 2689 1410 2750 et
1425 2688 1586 2751 adversus
1605 2687 1772 2750 dominum
1785 2688 1893 2761 Greqo-

272 2786 486 2859 Pontificem,
523 2787 590 2848 imo
623 2786 838 2864 antipapam,
875 2786 1067 2850 Guibertum
1123 2785 1210 2848 rium
1221 2789 1347 2865 Papam
1362 2786 1581 2849 contumelias
1596 2786 1896 2861 atterroresproca·

270 2883 685 2956 Ravennatensern,virum
697 2884 873 2946 manifeste
883 2887 1065 2962 perjurum,
1123 2885 1206 2946 citer
1218 2884 1308 2962 loqui
1323 2885 1433 2962 coepit,
1449 2883 1589 2946 credens
1606 2881 1808 2946 detestabilia
1824 2880 1895 2942 iacta

270 2981 369 3058 atque
393 2982 483 3044 omni
507 2982 635 3044 malitia
656 2982 689 3044 et
714 2982 890 3044 dolositate
920 2983 1065 3058 plenum.
1123 2997 1183 3044 sua
1197 2983 1233 3043 in
1246 2983 1384 3045 mortem
1398 2981 1565 3060 liudolphi
1581 2982 1722 3044 Domino
1740 2978 1892 3058 placuisse.

268 3079 309 3148 at
321 3079 476 3157 quoniam
491 3080 684 3157 plerumque
694 3079 843 3155 contigit,
850 3079 887 3141 nt
897 3081 1067 3157 peccatum
1122 3082 1212 3150 Post,
1226 3080 1282 3141 ubi
1296 3097 1375 3143 vero
1389 3081 1460 3144 haeo
1475 3082 1567 3156 gesta
1581 3081 1670 3154 sunt,
1685 3079 1819 3142 evolutis
1832 3093 1896 3154 pau·

269 3176 314 3242 ait
327 3191 425 3255 poena
451 3177 589 3254 peccati,
606 3176 646 3238 de
665 3176 830 3255 superbiae
844 3177 958 3240 radice
983 3195 1065 3256 prc—
1121 3178 1171 3240 cis
1182 3178 1310 3252 diebus,
1326 3178 1502 3249 ilenricus,
1516 3178 1606 3240 iilius
1629 3181 1712 3256 ejus,
1729 3191 1798 3238 cum
1809 3187 1893 3236 exer·

269 3275 372 3338 cessit
392 3274 434 3338 ad
460 3275 655 3354 perjurium,
671 3275 711 3336 de
724 3275 871 3353 perjurio
890 3277 931 3338 ad
944 3276 1066 3340 inobe·
1120 3276 1190 3337 cita
1204 3275 1347 3338 illustris
1356 3276 1535 3338 comitissae
1550 3276 1723 3338 clothildis
1738 3271 1894 3352 pugnauit:

267 3371 440 3444 dieutiam,
456 3373 497 3434 de
509 3372 734 3436 inobedientia
745 3373 786 3436 ad
797 3376 1067 3437 excommunica·
1121 3376 1154 3436 et
1167 3373 1257 3452 quia,
1269 3375 1355 3437 sicut
1367 3373 1441 3436 fleri
1465 3374 1560 3447 solet,
1575 3375 1691 3436 varius
1711 3374 1761 3436 est
1778 3371 1895 3434 eventus

265 3471 391 3536 tionem
401 3472 530 3546 cecidit,
538 3472 571 3534 et
584 3471 625 3534 de
640 3471 981 3535 excommunicatione
988 3491 1068 3550 per·
1120 3472 1211 3546 belli,
1227 3472 1401 3535 victoriam
1416 3471 1542 3534 habuit.
1558 3473 1620 3534 llis
1635 3472 1738 3548 igitur
1751 3466 1895 3532 successi-

265 3570 358 3633 venit
385 3570 426 3632 ad
450 3568 685 3632 idololatriam.
714 3571 810 3633 Hunc
837 3571 949 3643 talem,
979 3572 1066 3634 sicut
1119 3571 1182 3633 bus
1201 3571 1399 3648 provocatus
1419 3569 1599 3646 derepente
1623 3570 1760 3632 intravit
1773 3567 1894 3635 ltaliam,

265 3666 422 3743 diximus,
443 3683 505 3729 rex
528 3667 692 3731 ilenricus
716 3667 869 3729 adoravit
882 3685 1007 3745 pronus
1028 3670 1063 3730 in
1121 3669 1152 3730 ct
1166 3669 1239 3746 post
1251 3669 1381 3732 Pascha
1393 3667 1567 3731 cumidclo
1583 3669 1671 3745 quod
1685 3667 1896 3730 erexeratllo-

264 3763 1065 3842 terram;quietiarn,suadentellicnysioi’lacen-
1118 3768 1365 3840 mamveniens,
1381 3767 1471 3828 circa
1493 3767 1712 3828 Pentecosten
1735 3765 1896 3828 castrame-

264 3859 336 3924 tino
362 3861 536 3938 episeopo,
559 3863 693 3939 jnrasse
717 3861 879 3923 asseritur
900 3863 937 3925 ut
959 3862 1002 3924 ab
1022 3861 1062 3928 ec
1117 3865 1205 3927 tatus
1226 3864 1330 3926 estin
1350 3865 1445 3942 prato
1464 3865 1619 3926 Neronis.
1637 3864 1703 3926 Sed
1718 3863 1790 3942 quis
1803 3862 1896 3924 tana

263 3957 398 4036 Imperii
422 3974 578 4024 coronam
594 3959 769 4037 acciperet.
785 3959 868 4033 Quid
885 3961 999 4038 plurat
1013 3963 1062 4026 lta
1116 3978 1190 4023 rum
1206 3962 1416 4039 prudentium
1431 3963 1579 4024 virorum
1595 3961 1757 4024 admirari
1769 3977 1830 4024 non
1842 3971 1893 4036 pe-

262 4057 408 4134 peceatis
429 4056 651 4134 exigentibus,
669 4073 784 4123 omnes
808 4059 864 4136 qui
879 4062 1061 4136 praesentes
1116 4063 1202 4123 terat
1215 4060 1303 4137 regis
1316 4060 1507 4123 ethiberti
1519 4059 1893 4136 haeresiarchaeapertam

262 4155 402 4218 aderant
413 4157 523 4222 mente
536 4156 695 4218 excaecati
710 4158 802 4231 sunt,
822 4173 889 4219 non
902 4159 1059 4237 utrespi-
1115 4159 1292 4232 insaniam,
1310 4159 1343 4220 et
1353 4158 1575 4235 impudentem
1588 4159 1895 4230 stultitialeuam·

262 4255 377 4318 cenent
395 4254 525 4327 coelum,
551 4254 608 4318 sed
630 4255 671 4316 ad
691 4256 763 4332 eJus
788 4255 930 4331 vestigia
956 4273 1059 4320 oscu-
1114 4256 1166 4318 vis
1187 4257 1275 4318 enirn
1297 4256 1418 4318 mentis
1438 4255 1550 4318 oculos
1573 4257 1789 4332 perdiderint,
1803 4253 1893 4316 visam

260 4349 371 4425 landa,
389 4350 470 4414 heut
484 4351 569 4430 proh
584 4351 693 4414 dolori
708 4367 744 4420 se
756 4352 883 4435 pariter
896 4352 1059 4416 incurva·
1113 4354 1225 4415 tamen
1240 4352 1389 4430 corporis
1402 4367 1467 4414 lion
1480 4351 1725 4415 amiserantnt
1738 4368 1804 4414 noa
1815 4348 1896 4412 vide·

259 4450 348 4512 runt.
365 4451 405 4512 at
429 4449 482 4514 his
501 4450 549 4512 ita
577 4450 732 4528 peractis,
762 4465 824 4512 rex
846 4451 881 4512 in
909 4453 1058 4528 apertam
1113 4449 1194 4514 bant
1212 4450 1304 4513 illam
1325 4451 1465 4514 bestiam
1479 4449 1539 4530 (2),
1553 4465 1628 4527 quae
1642 4451 1748 4514 abeis
1766 4446 1895 4512 duceba-

258 4543 416 4610 haaresim
431 4548 557 4626 lapsus,
569 4547 609 4610 ad
622 4548 756 4626 propria
770 4547 805 4611 in
817 4548 1060 4627 octavishpos-
1112 4548 1177 4622 tur,
1192 4565 1290 4627 quarn
1301 4549 1484 4612 honorilice
1494 4565 1513 4610 a
1525 4549 1686 4611 Romanis
1698 4544 1891 4624 suscipieba-

256 4644 400 4709 tolonum
427 4661 600 4722 regressus
613 4646 679 4720 est;
696 4645 872 4710 Guibertus
888 4661 969 4708 vero
983 4646 1057 4710 hae-
1111 4648 1176 4720 tur,
1195 4648 1227 4710 et
1252 4647 1493 4710 venerabatur?
1518 4647 1645 4725 Quippe
1669 4665 1731 4725 pro
1753 4642 1891 4708 laudibus

257 4743 450 4816 resiarcha,
480 4743 659 4821 insignitus
685 4745 860 4828 papalibus
880 4744 1053 4822 insigniis,
1111 4744 1313 4806 exhibebant
1327 4744 1496 4820 convicia3
1519 4761 1579 4822 pro
1594 4747 1735 4807 canticis
1749 4742 1891 4808 ululatus,

294 4933 335 5006 (l)
354 4935 470 5006 arinen,
491 4935 564 4994 dans
586 4937 613 4995 lo
635 4939 780 5012 cyrol-
796 4939 900 4998 Trente
919 4935 955 4998 ev
1012 4955 1054 5009 es,
1110 4937 1225 5010 quidem
1254 4950 1389 5010 expresse
1418 4935 1507 4994 abhas
1533 4941 1725 5014 Uspergcnsis
1755 4947 1783 4997 ct
1807 4943 1892 4996 auctor

258 5001 408 5078 beaucoup
422 5003 458 5061 dc
473 5007 592 5088 princes
612 5015 641 5064 ct
661 5008 697 5064 de
716 5010 878 5078 sciancurs,
895 5025 965 5067 avec
990 5027 1055 5068 curs
1110 5010 1182 5068 Vitae
1198 5009 1313 5065 chrici
1333 5008 1375 5064 sic
1390 5009 1592 5080 meminerunt,
1606 5021 1636 5070 ut
1656 5011 1731 5069 hanc
1747 5011 1838 5068 dicant
1854 5006 1889 5064 ul·

257 5073 390 5136 hommes
404 5091 508 5146 armes,
524 5077 566 5150 s’y
580 5076 686 5134 etaient
701 5093 749 5134 ren
774 5097 815 5136 ns.
829 5079 1055 5139 Guibertrevdlit
1111 5079 1216 5136 [loriam
1240 5078 1326 5136 luisse
1350 5077 1415 5136 lldci
1438 5080 1560 5138 ilenrico
1582 5097 1639 5138 non
1668 5090 1811 5140 servatae:
1833 5077 1890 5152 quta

256 5145 300 5206 las
312 5155 477 5206 crncrrlenis
487 5147 670 5220 paraliticum,
685 5151 787 5220 promit
798 5165 868 5206 avec
883 5161 1009 5210 serment
1019 5152 1054 5210 dc
1109 5150 1196 5208 etiarn
1212 5150 1403 5223 Uspcrgensis
1417 5151 1466 5219 ait,
1483 5152 1637 5224 ipsummet
1656 5154 1683 5210 ln
1700 5161 1791 5211 nicrtc
1810 5165 1856 5210 sua
1868 5145 1891 5206 id

256 5231 417 5276 ccuronncr
431 5219 457 5276 le
473 5219 514 5275 roi
524 5221 609 5276 llcnri
623 5221 642 5290 (t
657 5220 683 5276 ni
696 5219 860 5294 n'avaitpos
872 5235 976 5280 encore
987 5239 1054 5294 nequ
1109 5221 1265 5296 agnovisse
1277 5238 1284 5278 :
1297 5236 1371 5304 quar,
1387 5235 1423 5278 an
1443 5221 1526 5280 tidem
1545 5232 1718 5294 mereantur,
1739 5225 1838 5296 scripta
1861 5217 1890 5276 ab

178 5354 182 5363 ,
257 5288 283 5372 a
294 5303 439 5346 morcone
456 5289 622 5364 inperiale),
650 5295 669 5348 it
680 5289 715 5348 de
730 5291 848 5364 linguas
862 5292 889 5348 lc
904 5291 1053 5351 lllancson
1109 5291 1223 5350 llenrici
1239 5292 1390 5363 partiariis,
1406 5294 1507 5350 morito
1523 5293 1655 5353 dubites:
1678 5297 1717 5353 uti
1736 5303 1764 5353 et
1781 5309 1824 5362 ea,
1836 5303 1891 5418 que

256 5360 345 5434 legat,
361 5367 390 5418 et
411 5369 543 5418 reterri-na
563 5376 598 5418 en
620 5363 700 5420 ltalia
716 5377 787 5420 avoc
801 5377 865 5436 pom
888 5378 914 5431 c,
928 5364 1002 5421 snivi
1015 5363 1053 5422 du
1107 5370 1205 5420 contra
1221 5363 1313 5434 ipsum
1330 5363 1433 5434 scripta
1449 5371 1543 5422 strata
1560 5367 1647 5438 partis
1669 5367 1794 5424 melioris
1806 5363 1839 5422 dc
1850 5377 1890 5419 cn·

256 5429 374 5505 corrego
388 5429 424 5488 dc
437 5447 484 5488 ses
497 5431 648 5514 partisque.
665 5431 707 5492 cl.
723 5434 819 5512 Voigt,
832 5440 850 5490 t.
868 5379 894 5502 ἕ,
909 5449 936 5516 p.
953 5435 1016 5493 3l2.
1107 5433 1229 5501 acribus,
1244 5432 1464 5506 haudquaquam
1480 5435 1507 5491 ln
1521 5435 1654 5494 omnibus
1664 5445 1740 5495 certa
1754 5443 1827 5494 sunt.

294 5501 336 5576 (n)
358 5504 457 5576 Longe
471 5503 551 5560 aliter
566 5503 613 5560 aln
626 5503 661 5560 de
681 5511 771 5560 ancrtc
787 5505 927 5575 liodutpln
943 5521 950 5562 :
966 5521 1052 5578 quem
1145 5503 1185 5576 (ἱ)
1206 5503 1419 5576 L’expressicn‚
1445 5505 1469 5561 si
1494 5506 1548 5563 olle
1574 5506 1647 5565 n'cst
1674 5507 1834 5576 courlcise,
1858 5515 1888 5559 ne

256 5575 292 5634 ab
303 5573 450 5658 aquilifero
461 5573 592 5656 Caesareo
605 5573 798 5646 (Gadeiridum
811 5575 980 5634 bullionium
991 5593 1051 5634 cre·
1107 5589 1231 5660 meoque
1248 5587 1300 5647 pas
1318 5574 1416 5633 d'dner
1438 5575 1473 5658 ie.
1488 5577 1526 5634 Ge
1548 5577 1683 5652 langage,
1697 5577 1713 5638 b
1728 5576 1833 5652 l'dgard
1845 5574 1888 5632 dcs

256 5645 326 5729 dunt
341 5646 429 5704 luisse
441 5645 582 5718 rionnullil
601 5645 777 5714 transfixum,
791 5653 820 5704 et
830 5643 866 5703 ab
879 5647 936 5704 alic
950 5662 1049 5722 super·
1107 5644 1270 5776 licrdtrffiues
1282 5653 1311 5704 el
1324 5645 1375 5705 des
1389 5589 1620 5722 astumatiquas,
1632 5659 1676 5710 est
1686 5649 1830 5712 conforme
1841 5659 1888 5706 aaa

256 5725 389 5778 verirentc
402 5717 517 5781 deutera
534 5717 694 5780 mutilatum
709 5718 817 5780 volunt.
836 5719 870 5776 Et
885 5717 920 5778 de
935 5717 1050 5779 dextera
1105 5715 1203 5778 babitu
1224 5713 1301 5778 cada
1313 5723 1416 5791 temps.
