3954 6358
32 294 89 360 733
644 281 689 346 IN
711 281 860 346 capide
879 281 1047 348 JEJUNII·
1607 292 1666 355 7³4

32 451 134 514 dones
164 445 400 510 hereticorum
431 442 510 506 eunt
531 457 636 520 prava
663 441 818 517 dogmata
871 443 1035 518 amorte,
1046 442 1082 508 et
1095 441 1226 518 eueniet
1239 441 1494 510 mutitudinem
1505 449 1667 522 peccato-

32 547 144 627 quibus
157 544 308 608 haeretici
320 541 493 621 opiniones
506 555 583 602 suas
599 538 820 615 sacraeSorip·
871 557 953 604 rum
964 539 1048 621 (iac.
1062 557 1095 614 v,
1110 540 1176 622 20).
1490 611 1493 618 ,
1635 591 1640 602 .

31 647 113 708 turae
141 641 314 706 sententiis
338 639 539 718 praeterunt,
568 639 601 700 et
628 653 690 698 sua
714 652 818 715 prava
898 639 1664 716 Decolligationihnsdamnatorumdicitlsaias:

32 743 179 820 dogmata
212 737 450 802 ecclesiasticis
484 736 643 800 doctrinis
672 734 820 812 interpo-
873 737 1179 814 congregabuntur
1199 739 1462 815 oonprepatuue
1481 743 1586 802 unius
1598 742 1667 816 tas·

32 841 124 904 nunt.
144 843 192 902 Da
206 837 324 916 quibus
348 836 469 898 dicitur
487 835 523 897 in
537 834 637 896 Libro
652 832 817 906 iudicum,
872 837 932 906 cis,
952 834 988 895 et
1009 834 1147 896 mittent
1162 835 1195 897 te
1215 838 1253 898 in
1275 840 1389 898 lacum
1410 834 1467 915 (ls.
1484 852 1578 907 xxiv,
1598 837 1665 919 22).

32 937 116 1017 quod
130 934 312 1015 vulpeculae
333 933 502 996 samsonis
515 931 682 994 habehant
695 929 819 993 caudas
873 931 1009 994 litidem
1023 931 1064 992 de
1079 948 1275 1011 unoquoque
1291 933 1466 997 damnato:
1485 936 1667 998 coronabit

31 1027 820 1112 6611116116161111616111161661161611611611
874 1030 907 1092 te
933 1032 1102 1092 Dominus
1130 1031 1359 1104 tribulatione,
1384 1032 1419 1094 et
1437 1036 1536 1106 quusi
1557 1037 1668 1107 pium

30 1115 820 1206 101111661111111161161011616116166116111111
872 1128 986 1190 mittet
1015 1128 1047 1190 te
1075 1131 1113 1190 in
1141 1130 1276 1191 terram
1300 1129 1408 1192 bitum
1425 1131 1458 1191 ei
1478 1120 1667 1204 spatiosam

31 1231 112 1294 autc
132 1245 203 1302 uie,
222 1231 322 1304 mres
347 1228 380 1290 ei
403 1227 555 1290 utronea
581 1225 663 1287 sunt
686 1221 818 1303 (Joann.
875 1222 933 1304 (ls.
948 1241 1033 1298 nnn,
1049 1224 1114 1306 18).
1130 1225 1290 1288 Dominus
1305 1225 1479 1288 coronabit
1492 1226 1667 1290 damnatos

29 1344 63 1401 x,
79 1325 124 1407 8).
150 1326 243 1390 Unde
263 1325 405 1402 legimus
433 1324 469 1386 in
489 1321 702 1401 Apocalypsi,
733 1319 820 1400 quod
873 1321 1098 1396 tribulatione,
1120 1324 1198 1401 quia
1221 1323 1308 1386 sicut
1336 1337 1458 1386 corona
1481 1324 1670 1388 nonhabet

29 1424 259 1488 similitudines
271 1423 474 1485 locustarum
482 1420 579 1484 erant
589 1419 716 1480 similes
726 1417 820 1495 equis
874 1419 1034 1494 1116111116
1042 1419 1273 1484 tribulationes
1282 1422 1427 1500 etpoenaa
1435 1421 1667 1484 damnatorum

28 1523 153 1602 paratis
177 1522 228 1584 116
256 1520 292 1581 in
319 1519 482 1597 praelium.
509 1519 549 1580 Et
573 1517 676 1578 iacies
705 1531 819 1578 eorum
869 1533 941 1580 non
958 1517 1126 1580 finientur.
1149 1519 1222 1581 Pila
1238 1519 1279 1582 ad
1299 1519 1362 1582 hoo
1383 1519 1517 1597 ponitur
1533 1520 1570 1582 ut
1592 1519 1668 1598 pis-

28 1621 125 1682 61611
149 1619 235 1682 sicut
258 1617 363 1682 iacies
388 1617 570 1689 hominum,
600 1611 821 1676 attrahebant
873 1615 971 1678 tetur.
996 1616 1077 1680 Mali
1095 1617 1265 1694 ponuntur
1283 1617 1319 1679 in
1338 1616 1471 1679 interno
1487 1617 1573 1680 sicut
1586 1617 1666 1696 pila,

28 1717 150 1780 caudas
164 1716 290 1778 similes
310 1712 540 1793 scorpionibus
568 1709 682 1792 (Apoc.
705 1726 752 1784 rx,
772 1707 817 1790 7).
875 1713 911 1776 ut
921 1713 1085 1776 feriantur
1098 1715 1171 1776 sine
1187 1713 1435 1777 intermissione
1449 1715 1583 1778 aeternis
1599 1717 1671 1778 tor-

27 1813 185 1877 Haeretici
215 1812 433 1889 designantur
461 1826 521 1890 per
548 1809 708 1882 locustas,
743 1807 821 1885 quia
875 1811 1006 1874 mentis
1022 1811 1136 1874 Ethoc
1150 1811 1207 1874 1161
1220 1812 1255 1874 in
1273 1812 1365 1875 terra
1380 1812 1448 1874 lata
1461 1812 1494 1874 et
1507 1813 1667 1890 spatiosa,

27 1914 107 1975 sunt
129 1910 302 1974 instabiles
336 1909 370 1972 61
400 1908 480 1985 vagi
512 1908 546 1970 et
579 1905 669 1985 pleni
697 1904 822 1967 errori·
875 1907 972 1982 idest,
996 1909 1031 1970 in
1045 1907 1175 1980 inferno
1191 1909 1248 1972 ubi
1262 1909 1328 1972 erit
1340 1910 1514 1972 multitudo
1527 1909 1670 1972 damua-

26 2009 101 2072 bus.
125 2009 208 2072 Sunt
220 2007 347 2070 similes
365 2005 460 2083 equis
479 2004 605 2084 paratis
619 2004 670 2066 ire
683 2003 719 2064 in
734 2017 822 2081 prae-
874 2005 994 2070 torum.
1011 2006 1104 2069 Unde
1116 2006 1152 2068 in
1164 2007 1311 2084 psalmo:
1326 2011 1495 2070 Dominus
1508 2023 1672 2084 conquus-
1761 2008 1764 2016 ’

28 2108 128 2181 lium,
148 2106 247 2179 idest,
273 2103 422 2182 superbi,
445 2102 522 2165 sunt
538 2101 690 2165 crudeles
709 2100 743 2162 et
760 2115 823 2178 pa·
874 2107 963 2170 subit
975 2105 1444 2180 capituintenramuitonum
1456 2101 1525 2184 (Ps.
1539 2107 1608 2178 109,
1621 2103 1669 2185 6),

25 2206 95 2268 rati
108 2203 149 2266 ad
166 2204 242 2266 lites
262 2204 295 2266 et
313 2201 556 2278 contentionem
577 2199 701 2264 habent
718 2197 821 2260 iacies
875 2201 962 2265 idest
979 2203 1128 2266 conteret
1150 2203 1271 2265 multos
1296 2202 1429 2281 iniquos
1457 2203 1491 2265 61
1510 2203 1680 2280 superbos·

25 2303 116 2365 sicut
135 2301 302 2374 homines,
323 2299 402 2378 quia
424 2300 459 2361 in
485 2297 649 2377 principio
673 2296 726 2358 sui
745 2309 820 2358 sar·
875 2301 911 2362 in
925 2299 1067 2364 interno.
1092 2303 1140 2363 De
1155 2300 1273 2379 quihus
1287 2299 1453 2362 damnatis
1466 2302 1614 2364 ioannes
1633 2301 1672 2364 in

25 2400 135 2463 monis
153 2398 308 2464 videntur
325 2396 413 2461 bona
435 2396 469 2458 et
487 2394 701 2458 rationabilia
719 2393 822 2458 rerba
875 2399 1095 2477 Apoealypsiz
1112 2399 1575 2475 Quantumpioitsicuuerunt
1586 2402 1671 2462 sein

25 2511 223 2576 proponere,
238 2495 295 2558 sed
313 2493 437 2558 habent
453 2491 576 2555 caudas
589 2492 715 2554 similes
729 2507 841 2554 soor-·
875 2497 1110 2569 mundantia
1122 2499 1253 2560 delictis
1265 2495 1507 2571 ficeruntdute
1525 2501 1577 2559 ets
1592 2497 1669 2559 tor-

24 2597 173 2674 pionum,
191 2594 273 2672 quia
293 2593 328 2655 in
348 2593 413 2655 dne
433 2591 486 2653 sui
504 2590 667 2653 sermonis
687 2591 823 2652 serrant
875 2595 992 2658 uwnto
1012 2594 1047 2656 et
1067 2595 1179 2656 tuctus
1196 2591 1311 2674 (apoc.
1331 2609 1427 2667 xvur,
1443 2591 1490 2673 7),
1506 2592 1594 2656 idest
1604 2610 1670 2672 pa-

23 2709 191 2758 venenum
213 2691 265 2754 sui
288 2690 424 2754 erroris.
452 2689 528 2752 Istae
554 2688 632 2750 sunt
656 2687 724 2750 illae
746 2687 823 2750 vul-
875 2691 1672 2772 tianturgravioratormenta,etmajoremplanc-

23 2791 174 2870 peoulae,
198 2788 242 2852 de
271 2787 391 2867 quibus
420 2801 542 2864 sponsa
567 2784 649 2848 dicit
675 2785 711 2847 in
740 2800 823 2847 can-
875 2789 945 2852 tum
968 2789 1004 2852 in
1031 2788 1174 2852 interno.
1199 2789 1338 2852 Tantam
1373 2789 1462 2852 enim
1490 2789 1526 2850 in
1561 2789 1670 2868 poenis

23 2888 128 2952 ucis:
151 2887 268 2962 061116
285 2891 403 2960 uulpes
416 2889 585 2959 paruulus
612 2897 688 2958 quie
706 2885 823 2946 bemo-
876 2888 1009 2967 reprobi
1041 2887 1252 2952 sustinebunt
1285 2887 1492 2963 angustiam,
1521 2887 1559 2949 ut
1584 2886 1670 2948 nihil

23 2985 161 3050 liuntur
193 2986 314 3048 uineas
347 2985 488 3046 Domini
521 2980 668 3046 sabaotb
704 2977 819 3060 (Cant.
876 2985 1024 3063 cogitare
1046 2986 1182 3050 valeant
1208 2987 1330 3065 praeter
1348 3001 1485 3064 poenas,
1508 2985 1566 3047 sad
1589 2985 1671 3050 illue

22 3100 69 3158 11,
92 3081 162 3164 15).
257 3098 262 3106 ·
876 3085 1020 3161 dirigent
1033 3084 1192 3162 impetum
1207 3083 1430 3160 cogitationis,
1451 3082 1509 3144 ubi
1527 3083 1672 3148 sentient

66 3185 114 3244 Da
129 3178 397 3258 colligationibus
413 3178 625 3256 peccatorum
646 3174 768 3240 dicitur
785 3176 821 3240 in
875 3182 943 3247 vim
953 3181 1089 3256 doloris,
1104 3182 1281 3244 Salomone
1293 3181 1487 3244 attestante:
1503 3185 1672 3256 Neoopus

23 3279 409 3351 Psalteri021²mnotpes
422 3276 822 3340 ocitueneruntinunum
876 3296 938 3344 neo
959 3281 1051 3344 ratio
1065 3295 1128 3342 nec
1145 3276 1306 3353 scientia',
1336 3295 1399 3342 nac
1424 3279 1596 3354 sapientia
1621 3280 1672 3342 est

22 3382 196 3442 aduersus
209 3379 397 3438 bominum
409 3373 444 3438 et
457 3375 625 3436 aduersus
647 3373 822 3436 Christum
876 3379 963 3456 apud
974 3377 1101 3440 interos
1116 3393 1181 3455 quo
1193 3374 1529 3455 tuproperastOEcol.
1540 3391 1588 3450 rx,
1603 3373 1669 3456 10.)

22 3479 103 3550 ejus
122 3473 193 3554 (Ps.
211 3475 243 3546 2,
266 3471 313 3552 2).
337 3471 430 3534 Siout
451 3469 533 3532 dicit
551 3469 740 3542 Psalmista,
761 3484 821 3548 pro
916 3473 1669 3552 Dissolvamusergocolligationesimpietatis,

22 3589 93 3636 uno
108 3586 238 3650 quoque
253 3571 445 3648 peccatore:
460 3569 664 3644 Hoeoseeisti
673 3569 707 3632 et
717 3570 820 3632 tacut.
876 3572 1032 3651 quoniam
1047 3572 1110 3634 troc
1125 3570 1176 3634 est
1188 3573 1296 3649 majus
1307 3570 1473 3648 jejunium
1488 3570 1574 3648 quod
1596 3570 1670 3632 ele·

19 3671 252 3734 Existimasti
279 3671 395 3743 inique
413 3670 503 3742 cuod
529 3681 590 3730 ero
622 3666 673 3730 tui
698 3668 822 3730 11111111
875 3671 924 3747 git
948 3670 1149 3733 altissimus.
1185 3671 1236 3731 Tu
1263 3669 1381 3731 autem
1408 3683 1488 3730 cum
1507 3671 1669 3744 jeiuniis,

21 3769 97 3848 (Ps.
109 3769 161 3839 49,
176 3763 243 3846 21).
263 3765 425 3828 Dominus
439 3765 526 3827 dicet
542 3763 710 3841 peccatori
721 3765 823 3843 inju-
875 3783 966 3846 unpe
992 3768 1095 3843 eaput
1132 3768 1231 3830 tuum
1258 3768 1292 3830 ei
1318 3768 1445 3841 faeiem
1470 3766 1567 3830 tuum
1592 3771 1672 3830 iuva

19 3866 136 3928 dicio:
153 3867 202 3926 Tu
216 3861 324 3926 iecisti
338 3862 411 3924 haec
426 3861 577 3935 crimina,
592 3861 625 3925 et
636 3877 698 3938 ego
718 3861 820 3936 tacui,
876 3863 1007 3945 (1161111.
1023 3882 1069 3940 v1,
1081 3863 1146 3945 17).
1158 3865 1368 3928 Consuetudo
1385 3866 1458 3927 erat
1468 3864 1594 3927 ludaeis
1605 3863 1673 3927 die·

18 3965 105 4044 quia
113 3979 182 4024 non
189 3960 264 4024 dedi
274 3960 472 4024 sententiam
486 3960 709 4022 damnationis
723 3961 759 4022 in
770 3961 819 4036 te3
875 3962 936 4026 hus
957 3963 1051 4026 iestis
1077 3978 1203 4039 ungere
1229 3962 1330 4039 caput
1343 3963 1377 4024 et
1390 3961 1510 4023 faciem
1531 3961 1669 4026 lavare:

17 4063 83 4126 sed
98 4077 191 4122 nunc
211 4075 349 4136 arguam
371 4059 416 4132 te,
441 4059 474 4120 et
499 4057 641 4120 statuam
665 4057 822 4120 universa
876 4060 1129 4139 primoquidem
1149 4061 1284 4138 propter
1306 4059 1453 4132 odorem,
1478 4058 1564 4122 sicut
1581 4059 1670 4136 legi-

17 4163 145 4222 contra
161 4157 281 4220 faciem
294 4156 396 4229 tuam,
411 4155 448 4218 ut
463 4169 594 4233 semper
605 4153 730 4218 habeas
743 4171 823 4232 pec·
875 4175 949 4220 mus
969 4157 1010 4221 de
1029 4157 1137 4220 Maria
1157 4173 1230 4235 quae
1250 4155 1348 4218 unxit
1365 4155 1464 4233 pedes
1479 4155 1622 4230 Domini,
1638 4156 1672 4219 et

16 4257 177 4318 catorum
191 4253 397 4327 memoriam,
414 4251 470 4330 qui
483 4252 620 4314 noluisti
636 4252 761 4316 reverti
779 4251 821 4313 ad
876 4257 993 4318 domus
1020 4254 1146 4332 repleta
1165 4254 1216 4317 est
1239 4270 1283 4316 ex
1300 4253 1402 4316 odore
1416 4253 1588 4330 unguenti.
1605 4255 1670 4316 Se-

14 4371 75 4418 me
91 4368 153 4430 per
166 4351 405 4430 penitentiam,
418 4350 451 4413 et
460 4364 591 4427 semper
602 4349 782 4426 redarguet
790 4351 822 4411 16
876 4353 984 4416 cundo
1008 4353 1119 4416 autem
1146 4352 1281 4429 propter
1304 4351 1468 4425 decorem,
1494 4351 1531 4413 nt
1550 4350 1671 4414 nitenti

14 4450 164 4530 propria
177 4448 393 4517 conscientia,
415 4448 493 4525 quia
511 4447 657 4524 peccasti
675 4447 822 4524 graviter
876 4452 951 4514 cute
977 4451 1011 4514 et
1033 4450 1129 4514 suavi
1153 4450 1255 4513 odore
1280 4448 1416 4512 festivos
1438 4465 1475 4510 se
1498 4448 1531 4512 et
1544 4448 1671 4510 hilares

12 4551 55 4612 in
73 4563 152 4610 mea
164 4546 343 4626 presentia,
358 4545 392 4608 et
405 4545 528 4607 senties
543 4561 596 4607 me
606 4545 823 4623 durumjudi·
877 4548 1152 4612 demonstrarent.
1190 4548 1284 4610 Unde
1307 4535 1459 4623 'legimus
1483 4546 1525 4608 de
1551 4547 1668 4621 David,

13 4663 97 4710 cem
119 4659 216 4722 quem
235 4643 372 4706 uoluisti
399 4641 523 4706 habere
548 4643 735 4720 piissimum
762 4657 823 4720 pa·
876 4647 963 4726 quod
978 4648 1053 4724 post
1072 4647 1212 4708 mortem
1227 4644 1289 4707 filii
1309 4644 1397 4708 lotus
1415 4645 1599 4722 unctusque
1615 4644 1669 4707 sit.
1742 4721 1757 4738 Γ

12 4745 123 4808 trem.
139 4745 219 4804 Haec
229 4742 339 4805 autem
355 4739 478 4802 idcirco
492 4740 647 4804 evenient
657 4739 729 4814 tihi,
744 4741 822 4820 qnia
877 4746 916 4808 nt
939 4743 1060 4808 mulier
1087 4743 1173 4805 dixit
1198 4743 1239 4806 ad
1262 4742 1436 4804 Elisaeum:
1465 4745 1544 4806 lton
1566 4745 1671 4806 babeo

11 4839 239 4913 existimasti,
257 4839 333 4917 quia
348 4853 406 4900 ero
423 4837 543 4899 similis
559 4837 619 4900 tui.
636 4840 685 4900 Tu
699 4838 823 4916 putasti
876 4846 1063 4918 qumquam
1075 4844 1197 4904 ancita
1212 4842 1283 4914 tua,
1299 4843 1508 4915 uicinorum
1523 4843 1587 4904 otei
1605 4854 1671 4916 quo

12 4937 115 5018 quod
143 4953 205 5016 ego
227 4951 293 4999 non
312 4936 465 5013 punirem
486 4935 695 5013 iniquitatem
718 4936 820 5010 tuam,
876 4938 1063 5019 uupanssv
1087 4941 1168 5015 Reg.
1177 4954 1223 5012 1v,
1233 4937 1280 5018 2).
1293 4940 1417 5000 Sensus
1427 4953 1506 5014 ergo
1516 4937 1594 4999 talis
1604 4939 1669 5000 est:

11 5052 128 5114 quam
141 5035 172 5096 si
183 5051 251 5097 non
264 5034 428 5112 punirem,
445 5049 519 5118 curn
536 5033 671 5110 possim,
692 5033 821 5110 iniqni-
862 5039 973 5115 'Utine
999 5037 1102 5111 caput
1123 5037 1223 5100 tuum
1247 5037 1281 5100 et
1305 5038 1432 5111 faciem
1456 5035 1553 5098 tuom
1580 5040 1670 5110 moa,

9 5134 84 5198 tati
100 5135 168 5196 tuae
180 5131 414 5204 consentirem,
430 5131 464 5193 et
483 5130 559 5193 ideo
581 5147 688 5194 essem
703 5131 822 5194 similis
878 5135 973 5208 idest,
986 5134 1142 5197 festivum
1155 5135 1189 5198 et
1202 5134 1345 5196 hilarem
1359 5133 1392 5195 te
1407 5132 1608 5204 demonstra,
1635 5134 1672 5196 ut

9 5231 82 5304 tui,
95 5230 198 5304 idest,
211 5230 345 5307 iniquus
353 5229 440 5291 sicut
448 5229 495 5290 tu.
505 5228 731 5290 Dissolvamus
739 5228 823 5292 tales
877 5233 969 5294 frons
983 5232 1040 5295 tua
1055 5230 1177 5310 populo
1203 5230 1390 5292 conveniat.
1417 5231 1510 5292 Unde
1522 5229 1670 5292 Paulus:

8 5327 257 5404 colligationes
272 5342 332 5405 per
343 5325 624 5404 praedicationem,
640 5341 701 5404 per
714 5326 824 5389 admo·
878 5333 1036 5393 &uuidere
1063 5345 1142 5391 cum
1164 5328 1402 5405 gaudentibus,
1425 5327 1459 5389 et
1486 5328 1572 5402 ltere
1592 5344 1671 5392 cum

7 5423 824 5503 nitiones,perexcommunioationes.Quiasicut
876 5428 1036 5503 [tentibus
1060 5424 1169 5506 (Rom.
1203 5441 1264 5498 rur,
1291 5422 1355 5505 15).
1380 5424 1420 5486 Et
1436 5424 1578 5488 interius
1604 5425 1671 5488 sint

7 5524 107 5586 dicit
120 5521 245 5586 Jacob:
269 5525 332 5592 out
345 5524 502 5602 ¹conuerti
516 5522 596 5596 fecit
605 5522 824 5596 peccatorem
878 5525 990 5588 omnia
1013 5523 1202 5593 dissimilia,
1231 5522 1327 5596 idest,
1354 5521 1391 5584 ut
1417 5524 1453 5584 tu
1478 5522 1559 5584 soris
1574 5520 1670 5584 laetus
1758 5583 1759 5587 ,

5 5625 57 5686 ab
74 5635 207 5684 eruore
221 5624 287 5683 uice
304 5636 389 5694 stice,
411 5620 558 5683 iuvabit
577 5623 733 5686 unimam
748 5623 823 5695 ejtia
878 5640 952 5688 cum
967 5623 1043 5686 aliis
1058 5636 1231 5700 appareas,
1255 5621 1288 5685 et
1308 5620 1396 5684 intus
1415 5635 1473 5684 cor
1494 5617 1670 5684 contritum
