4004 6302
302 359 363 460 759
766 353 942 420 HONORII
964 350 1010 416 111
1031 351 1179 428 OPERA.
1196 383 1234 400 -·
1251 355 1489 420 SERMONES.
1888 361 1938 421 760

302 523 423 587 cuntur
434 514 485 584 llll
498 518 554 600 qul
563 517 683 583 suntin
697 517 912 586 tribulatione
922 515 1096 594 patientes,
1150 515 1253 578 Beati
1273 519 1333 591 qut
1358 517 1540 581 semontis
1566 531 1679 592 super
1707 530 1825 582 cmiter
1843 531 1938 596 aqum

303 621 390 683 sicut
402 620 537 682 luerunt
547 617 722 695 martyres,
739 616 959 688 confessores,
970 617 1003 676 et
1015 630 1101 692 pau·
1152 611 1209 692 (Is.
1228 629 1337 687 xxxii,
1355 613 1421 695 20),
1436 615 1532 688 idest,
1547 631 1668 678 omnes
1682 615 1844 688 homines,
1864 618 1939 681 sicut

304 734 401 796 peres
412 719 444 780 et
461 717 582 795 reliqui
596 716 654 794 qui
680 712 844 776 sustinent
866 712 1098 776 tribulationes
1151 710 1232 773 dicit
1249 715 1395 775 loannes
1410 714 1446 775 in
1471 713 1695 792 Apocalypsi:
1711 717 1818 788 Aqoae
1834 719 1939 779 inulta:

303 815 478 892 patienter.
493 815 585 876 Unde
605 814 640 874 in
657 813 858 888 Evangelio:
874 811 1099 886 inpatientia
1151 810 1234 870 soret
1253 815 1372 886 popm:
1398 812 1498 873 minti
1522 809 1641 891 (Apoc.
1667 827 1750 884 xrn,
1775 811 1817 890 1).
1844 815 1936 890 Super

303 913 423 974 vestra
441 911 659 987 possidebitis
684 914 821 973 animas
833 910 980 970 vestros.
1003 906 1097 987 (Luc.
1152 922 1267 968 omnes
1286 921 1390 985 aquas
1408 909 1575 972 seminare
1594 909 1658 981 est,
1677 909 1806 971 cunctis
1821 912 1937 988 populis

304 1007 1095 1089 xxi,19).Triaconferttribulati02emcrctttum,
1151 1005 1227 1066 ritae
1240 1005 1376 1067 uerbum
1399 1006 1593 1084 praedicare.
1617 1008 1659 1068 nt
1676 1006 1753 1068 ideo
1767 1006 1853 1069 beati
1873 1011 1939 1070 suut

304 1121 348 1166 ne
375 1106 508 1169 virtutis
536 1123 631 1169 amor
657 1107 805 1184 tempore
836 1104 896 1167 otii
924 1103 1098 1180 frigescat·
1151 1103 1208 1179 qui
1236 1104 1413 1178 seminant,
1442 1103 1539 1176 idest,
1569 1104 1628 1182 qui
1654 1103 1847 1182 praedicant,
1871 1108 1938 1184 quia

301 1207 500 1278 praemium,
532 1205 568 1266 ut
587 1204 685 1283 juxta
711 1202 938 1266 tribulationis
965 1201 1098 1264 modum
1152 1199 1292 1262 fructum
1315 1202 1392 1264 vitae
1416 1202 1543 1264 iaciunt
1566 1203 1602 1264 in
1626 1201 1794 1264 mentibus
1809 1203 1937 1266 andien-

305 1296 498 1365 universum
513 1301 628 1378 gloriae
650 1301 780 1380 pondus
804 1301 957 1378 accipiat,
971 1303 1100 1375 proba·
1150 1299 1244 1360 tium.
1261 1299 1312 1360 illi
1327 1300 1383 1376 qui
1398 1302 1476 1363 sunt
1491 1301 1525 1361 in
1543 1300 1643 1374 lecto,
1667 1300 1846 1376 designant
1864 1301 1937 1363 reli-

305 1397 435 1460 tionem
460 1399 496 1461 ut
521 1399 640 1461 restrae
669 1399 836 1461 instantiae
864 1397 1024 1459 tortitudo
1055 1395 1098 1457 ad
1151 1395 1273 1471 giosos,
1290 1397 1368 1473 quia
1384 1396 1470 1458 sicut
1484 1396 1583 1460 homo
1599 1397 1786 1475 requiescit
1798 1397 1832 1458 in
1848 1398 1937 1467 lecto,

305 1495 494 1572 exemplum
511 1495 701 1558 hominihus
717 1497 913 1557 innotescat.
930 1495 1008 1557 Tria
1022 1495 1099 1558 sunt
1151 1492 1198 1555 ita
1209 1493 1360 1569 religiosi
1370 1495 1583 1572 requiescunt
1596 1495 1634 1555 in
1644 1495 1757 1571 gratia
1772 1494 1841 1556 Dei.
1856 1497 1937 1558 Unde

305 1594 500 1668 opponenda
527 1593 733 1655 adversitati.
763 1593 950 1655 Electornm
974 1609 1098 1668 agones
1150 1591 1344 1667 Apostolus:
1369 1596 1545 1656 Habemus
1564 1594 1735 1670 qratiam,
1758 1607 1826 1668 per
1847 1609 1937 1667 quom

305 1688 338 1750 et
358 1690 532 1765 angustia,
548 1707 630 1769 quas
643 1691 816 1769 patiuntur
839 1691 896 1768 qui
911 1690 965 1768 pie
983 1689 1099 1753 volunt
1151 1690 1427 1752 serviamueDec
1438 1692 1614 1765 placentes
1624 1695 1698 1752 Deo
1711 1705 1790 1752 carm:
1803 1691 1890 1752 :netu
1902 1707 1936 1753 oc

305 1784 340 1846 in
378 1786 508 1849 Christo
542 1789 682 1862 vivere,
726 1789 956 1865 Redemptoris
991 1787 1100 1849 afflic-
1151 1787 1350 1848 reverentia
1371 1785 1485 1866 (Hebr.
1509 1804 1571 1858 xri,
1588 1785 1658 1866 28).
1674 1787 1734 1848 Isti
1749 1803 1768 1848 a
1784 1787 1936 1849 laboribus

281 1881 412 1943 -tiones
428 1884 461 1944 et
482 1886 646 1948 molestiae
660 1901 742 1963 quas
756 1887 787 1946 ei
810 1885 986 1946 saevissimi
1001 1887 1098 1963 prin·
1152 1883 1185 1944 et
1198 1884 1393 1946 tumultibus
1408 1884 1508 1964 hujus
1530 1885 1648 1947 saeculi
1669 1886 1842 1963 quiescunt
1860 1887 1889 1946 et
1907 1887 1936 1946 in

306 1979 397 2056 cipes
417 1981 612 2044 intulerunt.
651 1983 830 2060 Dispositio
868 1982 1099 2044 moderatricis
1153 1981 1263 2057 quiete
1306 1985 1431 2044 sauctoe
1466 1983 1735 2045 conversationis
1773 1982 1936 2044 dormiunt

300 2077 452 2151 justitiae,
470 2081 564 2156 cujus
579 2079 787 2141 altitudinem
812 2081 909 2157 quasi
921 2081 1026 2156 virgae
1037 2082 1099 2142 Jo-
1155 2078 1247 2140 Unde
1270 2079 1306 2140 in
1323 2081 1458 2142 cantico
1471 2081 1686 2143 canticorum
1704 2097 1824 2158 sponsa
1842 2080 1937 2158 loqui-

305 2173 387 2248 seph
414 2176 637 2238 summitatem
656 2194 723 2239 nou
738 2178 916 2250 discutere,
940 2176 997 2238 sed
1013 2178 1098 2240 ado·
1152 2177 1207 2239 tur
1218 2176 1352 2239 dicens:
1369 2182 1441 2255 Epo
1453 2182 1588 2241 domnio
1602 2180 1638 2241 et
1653 2195 1716 2242 cor
1730 2195 1843 2240 nccnm
1857 2181 1936 2254 cipi-

305 2285 382 2331 rare
398 2270 564 2335 dehemus.
586 2277 666 2336 Haec
692 2276 769 2337 sunt
787 2276 852 2338 tria
874 2275 951 2351 illa:
977 2274 1097 2348 hostia,
1152 2276 1201 2336 bat
1214 2271 1320 2354 (Cant.
1334 2293 1366 2348 r,
1380 2273 1425 2355 2).
1438 2278 1549 2337 Bonus
1559 2277 1661 2339 homo
1675 2277 1808 2349 dormit,
1821 2276 1936 2353 quaudo

305 2370 428 2439 vectes,
445 2370 624 2432 attermini
639 2372 757 2449 quibus
777 2374 937 2434 Dominus
957 2374 1101 2435 circum·
1153 2373 1187 2434 in
1222 2374 1331 2448 gratia
1365 2373 1425 2434 Dei
1454 2375 1657 2451 requiescit,
1698 2375 1757 2436 sed
1792 2389 1847 2436 cor
1875 2377 1935 2450 ejus

307 2463 364 2526 dat
387 2482 478 2528 mare
498 2469 622 2529 saeculi.
646 2469 808 2532 Triforme
830 2473 881 2534 est
903 2471 1099 2533 exercitium
1153 2470 1249 2533 debet
1276 2471 1429 2548 vigilare,
1454 2472 1565 2546 idest,
1592 2473 1634 2536 ad
1660 2475 1765 2534 Deum
1790 2472 1935 2534 intentum

306 2561 497 2638 electorum,
512 2567 689 2629 austeritas
701 2569 906 2647 jejuniorum
921 2585 985 2646 qua
998 2586 1101 2632 exco-
1153 2585 1237 2632 esse.
1262 2569 1344 2643 Quia
1364 2571 1449 2631 sicut
1470 2570 1530 2632 ille
1551 2571 1608 2648 qui
1628 2571 1763 2644 dormit,
1782 2571 1884 2632 cessat
1901 2567 1934 2630 ab

304 2657 385 2722 litur
398 2662 489 2724 terra
504 2665 626 2737 carnis,
644 2665 679 2728 ut
689 2665 831 2729 fructum
846 2667 943 2739 serat,
955 2669 1101 2729 assidui·
1154 2683 1264 2746 opere,
1283 2668 1329 2730 ita
1351 2668 1409 2730 ille
1431 2668 1487 2746 qui
1506 2669 1727 2744 glorificatur,
1745 2667 1851 2730 cessat
1862 2683 1880 2728 a
1893 2667 1937 2727 la-

304 2756 356 2819 tas
368 2757 547 2822 lectionum
558 2778 621 2838 qua
637 2761 786 2825 relicitur
799 2765 898 2826 homo
909 2765 1050 2828 interior
1065 2767 1101 2830 ut
1152 2765 1245 2827 bore.
1262 2766 1356 2828 Unde
1370 2769 1517 2829 loannes
1534 2766 1570 2828 in
1582 2766 1803 2844 Apocalypsi:
1822 2767 1934 2829 Anzodo

305 2854 510 2932 pinguescat,
533 2859 693 2923 instantia
713 2861 900 2923 orationum
920 2879 985 2940 qua
1007 2879 1100 2924 mens
1144 2867 1225 2937 jana
1238 2865 1497 2939 antispiritus,
1520 2865 1560 2925 :ct
1579 2865 1801 2939 requiescant
1823 2865 1934 2924 otobo-

308 2953 350 3013 ad
366 2954 550 3018 coelestium
565 2959 747 3035 appetitum
759 2961 924 3037 assurgat.
942 2962 1100 3024 Istirecte
1152 2964 1249 3024 ribus
1265 2965 1339 3023 suis
1359 2958 1475 3040 (Apoc.
1497 2978 1566 3034 xiv,
1588 2961 1656 3042 13).
1679 2961 1733 3024 Illi
1754 2961 1809 3038 qui
1824 2961 1893 3021 sunt
1905 2958 1933 3020 iu

309 3049 466 3114 dicuntur
489 3055 765 3132 supplantatores,
781 3059 858 3135 quia
871 3059 1010 3120 vincunt
1022 3059 1099 3120 dia·
1153 3059 1239 3119 mola
1255 3059 1358 3119 laicos
1372 3047 1659 3137 significantquia
1677 3057 1858 3120 admodum
1871 3071 1936 3116 ino·

310 3145 433 3209 bolum.
447 3151 620 3228 Dequihus
636 3153 716 3216 dicit
729 3157 874 3217 Joannes
884 3157 918 3216 in
929 3156 1098 3234 Epistola:
1152 3156 1261 3218 larum
1276 3173 1405 3235 semper
1420 3157 1454 3218 in
1470 3157 1612 3219 circuitu
1631 3157 1769 3229 radunt,
1788 3159 1820 3218 et
1837 3156 1895 3216 huc
1907 3154 1934 3214 et

313 3245 377 3306 Vos
391 3261 438 3308 em
451 3252 701 3324 Donrtnocstis,
721 3253 899 3316 etvtctstts
910 3259 1101 3331 orationum
1152 3254 1233 3316 illuc
1254 3254 1455 3327 discurrunt,
1476 3254 1533 3316 sed
1554 3255 1696 3316 istorum
1716 3254 1845 3332 quidam
1869 3251 1933 3312 sunt

309 3338 625 3426 (Itoan.11,13,14),
642 3347 737 3421 idest,
750 3349 929 3424 diabolum,
943 3352 1020 3429 quia
1036 3352 1100 3414 ior·
1152 3351 1241 3424 boni,
1267 3353 1300 3413 et
1323 3353 1456 3430 quidam
1472 3354 1548 3414 sunt
1562 3353 1655 3414 mali.
1676 3354 1753 3416 ldeo
1774 3351 1887 3413 dicitur
1903 3349 1932 3408 in

308 3438 376 3501 tior
390 3442 446 3518 qui
462 3443 496 3505 in
518 3444 613 3506 robis
628 3447 689 3519 est,
714 3447 810 3520 idest,
828 3449 988 3524 Christus,
1001 3467 1099 3528 quam
1153 3450 1353 3526 Evangelio:
1378 3454 1470 3513 Unus
1488 3453 1702 3522 assumetur,
1728 3452 1762 3514 et
1782 3451 1865 3512 atter
1883 3461 1934 3507 re-

305 3537 363 3614 qui
375 3538 409 3599 in
423 3541 544 3603 mundo
559 3543 619 3617 est,
631 3544 728 3618 idest,
746 3545 908 3608 diabolus.
1152 3550 1336 3623 linquetur.
1370 3550 1463 3611 Unus
1492 3551 1690 3624 assumitur,
1714 3547 1872 3617 videlicet,
1896 3541 1929 3603 ad

343 3636 488 3698 ioannes
513 3640 634 3714 autem,
655 3645 714 3716 qut
734 3647 799 3704 Dei
823 3645 940 3720 qratia
964 3645 1098 3718 dicitur,
1153 3644 1306 3720 gloriam,
1325 3646 1358 3708 et
1376 3646 1461 3708 alter
1479 3647 1701 3725 relinquetur,
1725 3643 1880 3714 videlicet,
1900 3639 1929 3700 in

303 3731 479 3807 religiosos
514 3734 668 3812 designat
696 3739 732 3799 in
759 3740 878 3816 quihus
913 3744 964 3804 est
991 3743 1099 3818 gratia
1153 3758 1262 3818 poena.
1276 3743 1396 3804 Aliter:
1412 3747 1492 3806 Tres
1507 3745 1663 3823 discipuli
1679 3741 1929 3822 significarrttres

303 3828 384 3903 Dei;
401 3830 480 3906 quia
495 3832 581 3894 sicut
593 3834 658 3911 ipsi
672 3839 749 3899 sunt
761 3836 903 3900 absoluti
918 3853 938 3900 a
954 3840 1099 3901 saecula·
1152 3838 1287 3900 ordines
1309 3840 1344 3900 in
1371 3841 1530 3902 Ecclesia.
1546 3845 1611 3904 Por
1626 3845 1762 3907 Petrum
1787 3833 1930 3911 intelligi-

304 3923 397 3986 ribus
416 3929 559 4004 negotiis
583 3931 681 4009 huJus
697 3934 826 4008 mundi,
843 3935 890 3998 ita
906 3938 983 3999 sunt
997 3936 1099 4000 abso·
1153 3953 1225 3998 mus
1237 3939 1414 4012 praelotos,
1435 3940 1507 4002 sive
1529 3943 1726 4019 conjugatos
1741 3961 1749 4017 ;
1766 3953 1823 4018 per
1843 3938 1928 4000 Jaco-

303 4021 403 4084 lutia
426 4025 516 4088 vitiis
541 4029 574 4090 et
595 4032 757 4108 peccatis,
784 4034 861 4111 quia
881 4036 995 4098 sancta
1018 4052 1100 4098 con·
1151 4035 1228 4097 bum
1257 4037 1489 4111 corrttocntm,
1534 4039 1605 4101 sive
1638 4038 1929 4118 poenitentes3pe1‘

303 4122 450 4184 versatio
465 4127 515 4186 est
527 4127 559 4188 et
568 4126 674 4190 divini
684 4131 792 4192 cultus
800 4132 919 4209 religio
929 4134 1099 4197 evidenter
1151 4137 1312 4196 Joannem
1332 4135 1390 4212 qui
1412 4135 1475 4197 tuit
1497 4136 1603 4213 virgo,
1629 4137 1788 4214 virgines.
1811 4133 1850 4196 Hi
1864 4127 1927 4190 sunt

302 4221 485 4297 apparetis
496 4223 556 4296 eis,
573 4226 650 4303 quia
663 4229 783 4291 vacant
795 4229 1003 4305 lectionibus,
1021 4249 1100 4294 ora·
1151 4233 1219 4294 tres
1233 4231 1298 4295 viri
1312 4231 1363 4292 illi
1381 4249 1463 4309 quos
1485 4234 1638 4296 Ezechiel
1662 4235 1746 4298 vidit
1766 4234 1800 4294 iu
1817 4227 1928 4290 visione

302 4316 460 4391 tionibus,
489 4321 521 4382 et
548 4323 686 4400 reliquis
713 4327 831 4388 studiis
855 4328 1096 4406 spiritualibus
1151 4343 1224 4390 esse
1248 4327 1436 4401 salvandos,
1457 4329 1623 4404 videlicet,
1647 4331 1731 4405 Noe,
1759 4323 1877 4394 Daniel,
1901 4319 1928 4378 et

303 4414 391 4476 unde
416 4418 612 4494 Apostolus:
637 4425 747 4484 Nemo
775 4425 928 4488 militans
951 4431 1097 4491 Dornbto
1150 4425 1222 4488 Job.
1239 4428 1320 4488 Tres
1333 4441 1413 4502 ergo
1428 4426 1510 4488 istos
1525 4427 1705 4505 discipulos
1727 4422 1862 4489 assumit
1875 4421 1925 4480 Je-

302 4514 454 4588 tmpttcat
467 4529 506 4576 se
519 4518 890 4593 rteqottissoecntaribus
906 4521 951 4602 (ii
961 4525 1043 4585 Tim.
1059 4542 1095 4599 11,
1151 4539 1218 4597 sus,
1240 4524 1318 4601 quia
1336 4525 1404 4586 tres
1426 4525 1559 4588 ordines
1575 4525 1721 4588 fidelium
1736 4521 1857 4600 accepit
1872 4519 1928 4578 Do·

302 4606 349 4687 4),
374 4612 452 4688 quia
479 4613 535 4692 qui
553 4615 660 4691 tangit
685 4617 803 4696 picem,
828 4619 1098 4698 coinquinabitur
1151 4621 1260 4682 minus
1280 4622 1399 4699 quibus
1422 4623 1565 4699 gloriam
1590 4641 1659 4686 suae
1683 4618 1859 4702 majestatis
1880 4627 1926 4674 05-

303 4705 345 4768 ab
361 4723 412 4770 ea·
1150 4718 1286 4780 tendere
1303 4719 1469 4795 dignatur,
1486 4721 1543 4782 sed
1559 4737 1627 4784 non
1642 4738 1756 4784 omnes
1771 4721 1810 4782 de
1829 4709 1924 4778 omni-

342 4807 388 4867 De
404 4807 456 4868 his
476 4808 582 4870 tribus
605 4813 776 4875 ordinibus
792 4814 872 4879 dicit
886 4817 1046 4880 Dominus
1061 4820 1096 4881 in
1150 4815 1837 4896 bus,qutamuitivoeati,pauciveroelecti.
1848 4806 1924 4872 Unde

302 4903 503 4979 Evangelio:
527 4910 643 4970 Erunt
660 4913 727 4972 duo
747 4915 785 4973 bt
802 4929 898 4989 apro,
919 4916 953 4978 ct
975 4921 1041 4979 dico
1060 4922 1098 4980 tn
1151 4914 1348 4990 Gregorius:
1363 4919 1498 4978 «Pauca
1518 4917 1594 4979 sunt
1608 4933 1712 4994 grana
1730 4931 1801 4995 quae
1813 4903 1923 4973 horreis

301 5001 396 5072 lecto,
417 5002 452 5063 et
474 5005 540 5064 duo
560 5006 598 5065 tn
612 5011 701 5068 :nota
710 5027 722 5082 ,·
739 5023 830 5072 :ricus
841 5016 1041 5076 assumetur
1064 5017 1099 5078 et
1150 5011 1405 5086 conservantur,
1424 5015 1457 5076 et
1469 5013 1729 5078 innumerabiles
1744 5011 1817 5076 sunt
1829 4999 1922 5070 acerir'

301 5097 391 5158 atter
401 5101 617 5174 relinquetur
634 5099 764 5182 (Matth.
778 5122 872 5181 xxiv,
889 5109 954 5188 40).
972 5111 1024 5172 Illi
1039 5113 1096 5191 qui
1151 5110 1321 5187 palearum
1335 5110 1391 5186 qui
1405 5110 1538 5187 ignibus
1553 5095 1922 5177 consummassent

303 5195 380 5257 sunt
398 5196 433 5257 in
453 5213 535 5274 agro
557 5199 803 5264 ecclesiasticos
823 5205 1023 5282 significant,
1041 5211 1097 5288 qui
1151 5207 1227 5270 sunt
1238 5206 1318 5269 honi
1334 5207 1390 5284 qui
1403 5213 1619 5273 assumuntur
1630 5212 1672 5274 ad
1685 5223 1828 5290 regnum,
1844 5193 1921 5266 mum

302 5291 459 5369 tanquam
481 5296 637 5374 agricolae
652 5314 765 5362 semen
781 5300 901 5380 ubique
916 5306 1048 5368 Domini
1061 5308 1097 5369 iu
1151 5305 1227 5367 sunt
1243 5305 1322 5367 mali
1344 5305 1401 5383 qui
1421 5307 1656 5372 comburentur
1670 5311 1706 5373 in
1720 5311 1824 5386 ignem
1840 5301 1922 5363 eter-

201 5407 206 5416 ·
301 5390 392 5453 terra
404 5391 542 5454 hnmani
557 5397 665 5460 cordis
686 5396 851 5462 seminare
866 5417 934 5462 non
952 5406 1094 5468 cessant.
1150 5419 1240 5464 num.
1253 5405 1292 5466 nt
1300 5404 1492 5482 Apostolus:
1505 5409 1629 5470 Omnes
1638 5413 1772 5484 quictem
1783 5391 1919 5466 marriani.

303 5489 397 5550 Unde
412 5489 534 5553 dicitur
545 5492 581 5553 in
595 5495 796 5572 Evangelio:
815 5500 940 5562 Samen
955 5503 1007 5565 est
1022 5519 1098 5568 ocr-
1149 5505 1210 5563 sed
1221 5517 1311 5564 onus
1325 5504 1447 5578 accipit
1462 5506 1621 5568 bractam
1637 5504 1666 5586 (Ι
1683 5508 1755 5569 Cor.
1771 5518 1813 5572 ix,
1827 5491 1884 5570 24)

170 5581 174 5590 '
302 5587 454 5652 btrmDet
464 5588 558 5669 (Luc.
567 5607 638 5665 riu,
650 5590 713 5673 11).
728 5597 768 5657 nt
779 5595 955 5671 ibidem,8:
971 5603 1097 5668 semen
1190 5599 1340 5660 Vidimus
1363 5616 1474 5663 coram
1491 5602 1610 5679 quihus
1628 5597 1869 5678 transfiguratus
1880 5585 1919 5648 θεῖ

302 5686 422 5752 cecidit
454 5691 491 5752 bt
527 5689 660 5753 terram
686 5692 807 5756 borram
811 5739 871 5760 .....
902 5697 941 5761 nt
969 5701 1095 5766 isaias:
1150 5696 1321 5760 Dominus.
1337 5697 1514 5761 Videamus
1534 5700 1591 5763 ubi
1611 5695 1851 5779 transfiguratus
1869 5683 1916 5746 est·
