4004 6302
273 388 333 450 679
736 388 912 452 dodoau
933 389 979 452 111
1000 390 1147 458 OPERA,
1163 417 1204 436 ·-
1218 388 1451 462 SERMONE&
1848 391 1902 454 beo

275 550 312 611 ut
339 547 486 610 creditur
504 548 611 612 Mater
630 563 701 612 sua.
729 549 775 611 De
801 565 865 629 qua
887 549 1009 613 dicitur
1031 550 1066 611 in
1123 549 1159 614 ui
1177 565 1238 612 nos
1258 548 1513 610 liberaremura
1532 559 1660 608 corona
1680 541 1900 622 tribulationis,

274 647 577 722 Evangeliotlirat
587 648 705 710 cutem
715 647 831 710 tunica
842 649 1066 720 inconsutilis,
1123 663 1195 725 quae
1206 646 1476 709 daturdamnatis
1485 645 1522 707 in
1533 643 1678 705 interno.
1691 644 1900 706 Undeisaias:

274 745 908 820 desupercouteactopertotumtioan.
920 762 991 818 nnn,
1002 747 1066 824 23).
1123 746 1306 828 coronabit
1318 747 1351 806 te
1361 747 1529 806 Dominus
1544 757 1674 804 corouo
1691 742 1903 804 tribulationis

272 843 397 903 Tunica
410 841 621 903 inconsutilis
633 841 684 904 est
695 843 829 904 dilectio
842 859 907 920 qua
918 843 1067 904 Christus
1122 844 1155 903 ot
1167 843 1255 904 sicut
1267 845 1376 918 pilum
1386 842 1499 902 mittet
1516 839 1550 902 te
1567 843 1603 900 iu
1619 840 1753 900 terrum
1765 840 1863 900 lotam
1874 841 1904 900 et

273 939 391 1001 dilexit
404 954 475 1010 nos,
494 955 567 1016 quas
580 954 647 1000 non
659 938 722 1000 init
736 941 886 1010 consuta,
903 939 981 1017 quia
1001 955 1067 1008 non
1121 937 1384 1018 sustineamus.
1404 954 1489 1012 xnn,
1511 935 1578 1016 18).
1599 936 1760 1006 Christus,
1776 951 1845 997 curn
1865 937 1903 996 sii

273 1037 390 1099 dilexit
399 1053 459 1098 nos
473 1052 532 1112 pro
548 1037 691 1099 utilitate
705 1053 777 1108 sua,
792 1037 850 1099 sed
863 1039 992 1100 tantum
1006 1053 1067 1115 pro
1122 1037 1281 1098 Dominus
1306 1052 1366 1113 per
1385 1036 1498 1098 omnia
1516 1033 1712 1096 benedictus
1726 1033 1761 1093 in
1782 1033 1902 1104 saecula,

272 1135 397 1196 nostra.
416 1133 511 1196 Unde
526 1135 721 1211 Apostolus:
748 1137 810 1202 0111
825 1135 946 1198 diescit
964 1149 1019 1197 me
1033 1136 1068 1198 et
1122 1134 1271 1212 permisit
1286 1151 1322 1196 se
1336 1134 1371 1195 in
1387 1149 1484 1194 cruce
1499 1131 1661 1209 suspendi
1676 1129 1821 1192 eiciaris
1833 1145 1905 1192 con-

272 1233 417 1294 tradidit
430 1233 653 1305 semetipsum
664 1247 795 1308 prome
813 1230 934 1312 (Galat.
949 1247 986 1304 11,
999 1229 1066 1311 20).
1122 1233 1194 1312 ligi,
1217 1233 1253 1294 ut
1271 1232 1497 1309 unusquisque
1520 1231 1629 1292 bonus
1649 1227 1755 1305 possit
1776 1227 1810 1288 in
1830 1227 1905 1288 coelo

272 1331 312 1392 nt
326 1330 361 1390 in
375 1329 593 1406 Apocalypsi:
620 1331 683 1394 Oui
696 1331 817 1392 ddcmtt
835 1345 912 1403 uoS,
931 1331 965 1392 et
983 1330 1068 1394 molt
1121 1330 1225 1406 regali
1241 1328 1324 1390 solio
1338 1329 1489 1391 exaltari.
1506 1327 1603 1410 Unde
1618 1327 1654 1386 in
1668 1323 1748 1388 Job:
1763 1327 1837 1388 Nou
1848 1339 1906 1386 ote

272 1442 335 1489 uos
364 1443 387 1488 o
408 1428 562 1502 peccatis
589 1428 719 1488 uostris
746 1431 782 1488 tu
810 1431 979 1504 scopatae
1004 1441 1067 1489 suo
1120 1428 1348 1502 seretojusto
1362 1433 1567 1488 oculossuos
1582 1422 1906 1495 Dmuiuus,etrepes

273 1523 388 1602 (Apoc.
405 1539 428 1595 1,
444 1521 490 1603 5).
512 1525 697 1586 Secundam
711 1524 819 1587 induit
834 1542 908 1586 enm
924 1525 1067 1588 militum
1121 1528 1250 1587 iusotio
1264 1525 1399 1588 collocat
1412 1527 1449 1584 iu
1458 1517 1726 1598 perpetuopob.
1738 1533 1849 1589 xxxvi,
1863 1516 1903 1596 i).

271 1622 416 1684 caterva.
433 1621 526 1683 Unde
547 1621 582 1682 in
605 1621 804 1698 Evangelio:
822 1624 951 1686 Milites
972 1639 1069 1698 prae-
1123 1623 1215 1686 Unde
1225 1622 1383 1684 Dominus
1397 1620 1445 1683 ait
1455 1619 1496 1681 ad
1506 1620 1659 1682 Judaeos:
1674 1621 1759 1678 Haec
1768 1616 1818 1677 est
1828 1619 1904 1677 bora

272 1723 358 1781 sistis
371 1720 598 1794 suscipientes
611 1722 729 1782 Jesuun
746 1723 781 1782 iu
799 1722 1018 1796 pretorium,
1033 1722 1067 1784 et
1120 1722 1250 1790 oestro,
1265 1721 1299 1784 et
1310 1719 1463 1796 potestas
1477 1720 1702 1780 tenebrarum
1716 1711 1807 1794 (Luc.
1825 1726 1903 1783 ann,

272 1818 439 1878 eminentes
454 1831 533 1877 eum
552 1817 766 1880 uestimentis
784 1823 859 1881 suis
879 1823 1068 1894 clamydem
1120 1817 1186 1899 53).

274 1915 465 1976 coccineum
473 1916 774 1977 circumdederunt
782 1919 814 1977 ei
822 1916 1065 1988 (Matihmnvn,
1161 1915 1311 1978 Christus
1324 1914 1520 1977 vestimenta
1535 1925 1597 1974 sua
1611 1911 1665 1973 ter
1676 1907 1796 1988 posuit,
1816 1907 1846 1969 et
1856 1921 1906 1968 re·

271 2009 336 2082 28).
360 2011 469 2072 Vestis
488 2011 642 2074 coccinea
663 2013 713 2075 est
727 2013 879 2090 martyrii
895 2014 1065 2091 patientia.
1122 2012 1274 2090 sumpsit.
1283 2013 1405 2084 Quarto
1413 2011 1523 2089 posuit
1533 2025 1595 2072 nec
1603 2007 1792 2085 resumpsit.
1804 2005 1905 2066 Primo

272 2109 397 2170 coccus
415 2108 504 2169 enim
527 2109 704 2184 sanguinei
718 2109 839 2172 coloris
853 2127 928 2173 esse
941 2111 1068 2173 descri-
1121 2112 1156 2173 in
1176 2127 1272 2174 coena
1295 2109 1427 2188 quando
1451 2109 1532 2171 lavit
1552 2109 1656 2186 pedes
1680 2102 1904 2180 discipulorum

271 2203 371 2267 bitur.
406 2205 501 2266 Unde
523 2204 693 2266 admirans
720 2207 825 2268 isaias
852 2207 1000 2285 loquitur
1024 2209 1066 2270 ad
1122 2225 1269 2272 suorum.
1286 2207 1381 2271 Unde
1397 2205 1640 2283 scriptumest:
1662 2201 1903 2266 8111111110-

273 2301 440 2363 Christum
455 2303 490 2362 in
503 2302 659 2378 passione
673 2319 733 2380 pro
748 2303 843 2365 nobis
858 2306 1066 2367 cruentatum
1120 2311 1237 2368 uztuus
1259 2321 1282 2368 o
1306 2320 1404 2368 coeua
1429 2304 1463 2365 et
1482 2305 1600 2378 posuit
1623 2298 1826 2363 uestitueuto
1843 2309 1902 2356 suo

273 2399 407 2461 dicens:
447 2402 557 2471 Quare
587 2399 723 2462 rubrum
756 2401 807 2462 est
835 2401 1066 2464 vestimentum
1122 2403 1232 2484 (Joan.
1247 2418 1322 2476 1111,
1338 2399 1383 2483 4).
1405 2400 1568 2474 Secundo,
1593 2399 1681 2460 sicut
1697 2395 1778 2458 dicit
1797 2392 1903 2455 beatus

271 2499 364 2559 tunm
377 2495 432 2569 (is.
448 2512 544 2567 nxnn,
559 2493 603 2570 2),
617 2497 703 2560 idest
718 2514 838 2576 corpus
849 2500 966 2562 tuumt
986 2503 1068 2562 Ter-
1121 2501 1345 2581 llyeronimus
1356 2521 1363 2560 :
1374 2498 1538 2572 «Quando
1550 2493 1784 2584 spoliatusest,
1795 2489 1906 2564 etliga·

271 2596 319 2656 tia
331 2595 471 2657 inuoluit
490 2610 566 2656 eum
579 2595 704 2672 ioseph
723 2594 758 2656 in
774 2597 956 2674 sepultura.
973 2598 1067 2661 Unde
1121 2602 1174 2662 tus
1183 2599 1224 2662 ad
1235 2598 1421 2660 columnam
1431 2595 1478 2658 ihi
1489 2595 1692 2672 flagellatus,
1706 2586 1906 2652 »dicentibus

272 2693 308 2754 in
332 2692 530 2769 Evangelio:
548 2695 694 2768 Accepto
709 2697 862 2769 corpore
877 2699 990 2770 Jesus,
1007 2700 1069 2760 Ιο-
1121 2697 1152 2760 ei
1166 2697 1291 2760 iudaeis
1304 2717 1311 2756 :
1325 2695 1533 2771 prophetiza
1548 2695 1646 2756 uobis
1663 2692 1739 2766 quis
1751 2687 1863 2759 estqui
1875 2684 1904 2744 te

272 2795 354 2865 sepi
388 2791 531 2852 involuit
560 2793 642 2853 iliud
675 2793 713 2852 iu
752 2796 904 2866 suudoue
937 2797 1067 2856 musitio
1119 2794 1292 2870 percussit
1309 2790 1401 2872 (Luc.
1424 2806 1510 2863 nnn,
1541 2787 1608 2869 64).
1638 2786 1763 2858 Tertio,
1787 2779 1905 2859 quando

273 2887 403 2968 (masin.
413 2903 520 2960 xxvii,
535 2886 599 2956 59).
616 2890 653 2949 11
669 2888 817 2966 syndone
829 2891 951 2953 munda
967 2892 1068 2968 signi·
1122 2892 1241 2952 illusus
1256 2891 1308 2953 est
1320 2890 1362 2952 ab
1374 2887 1515 2951 Herode.
1533 2887 1628 2949 Unde
1643 2884 1802 2961 scriptum
1816 2879 1862 2940 est
1874 2876 1903 2935 in

274 2986 393 3048 ticatur
407 2985 519 3047 carnis
534 2985 707 3058 munditia,
723 2986 801 3064 qnia
816 2989 853 3050 ut
867 2989 914 3050 ait
929 2990 1066 3052 Petrus:
1122 2989 1322 3066 Evangelio:
1344 2989 1484 3063 sprevit
1506 2986 1626 3048 autem
1643 2986 1741 3046 ilium
1762 2977 1905 3040 Herodes

273 3083 460 3146 Peccatum
476 3097 544 3144 iiolt
562 3083 644 3158 fecit
655 3099 717 3145 uec
731 3087 826 3148 dotus
839 3087 1002 3150 iuventus
1016 3089 1069 3150 esi
1121 3103 1200 3150 cum
1211 3086 1369 3150 emercitu
1380 3098 1454 3157 suo,
1475 3084 1508 3146 et
1523 3083 1630 3145 illusit
1643 3079 1800 3144 indutum
1819 3071 1902 3134 ueste

272 3185 309 3242 iu
322 3194 382 3242 07⁴6
394 3183 469 3252 ejus
479 3179 505 3254 (Ι
520 3181 609 3242 Ρθῐΐ·
622 3195 658 3253 11,
672 3183 734 3258 22).
872 3211 878 3218 ·
1122 3190 1198 3248 olba
1235 3183 1329 3264 (Luc.
1357 3198 1455 3254 xxm,
1484 3177 1546 3252 11).
1583 3179 1708 3252 Quarto
1738 3175 1773 3236 in
1800 3173 1902 3238 cruce,

311 3277 446 3353 Triplex
458 3277 691 3340 vestimentum
703 3278 820 3342 habuit
832 3279 997 3356 Christus,
1015 3283 1069 3345 vi·
1123 3282 1255 3361 quando
1273 3281 1398 3344 milites
1418 3278 1604 3342 diviserunt
1627 3275 1695 3338 sibi
1718 3264 1901 3334 uestimenta

272 3375 407 3446 delicet,
423 3373 657 3447 consessionis
673 3376 838 3441 decoriset
856 3377 1004 3442 luminis.
1021 3384 1068 3444 De
1123 3384 1215 3459 ejus,
1250 3378 1336 3441 sicut
1366 3378 1524 3454 scriptum
1559 3375 1609 3437 est
1649 3374 1686 3436 in
1718 3363 1903 3442 Evangelio:

273 3472 346 3534 istis
359 3469 467 3533 tribus
479 3471 685 3534 vestimentis
708 3472 919 3537 dicitbarid:
934 3481 1070 3554 Couses·
1122 3479 1303 3542 A'uueutes
1322 3491 1401 3554 eum
1417 3473 1632 3552 uestimentis
1641 3473 1716 3534 suis
1728 3458 1902 3530 induerunt

271 3569 445 3632 sioiieruet
454 3571 774 3644 decoremiuduisii,
783 3574 930 3636 amictus
940 3578 1068 3637 tuimiuc
1123 3593 1205 3640 eum
1234 3578 1387 3638 tunicum
1416 3585 1644 3648 purpuream,
1677 3573 1708 3630 ei
1730 3561 1903 3635 demultum

273 3667 359 3728 Sicut
383 3666 578 3736 vestimento
604 3670 675 3748 (Ρε.
709 3670 778 3738 103,
804 3671 882 3744 1·2).
910 3673 1068 3733 Dominus
1122 3661 1901 3746 coccineumcircuuidederuutei(Metthsnuu,
1978 3691 1979 3702 ι

272 3762 390 3824 habuit
416 3763 649 3824 vestimentum
678 3764 908 3839 consessionis,
932 3770 1010 3845 quia
1033 3771 1069 3832 nt
1122 3770 1188 3850 28).
1202 3771 1316 3832 Prima
1331 3766 1492 3846 depositio
1509 3764 1654 3827 restium
1670 3758 1802 3826 Christi,
1815 3753 1846 3816 et
1856 3765 1905 3811 re·

272 3860 321 3922 ait
343 3859 575 3935 Evangelista:
599 3860 768 3923 Exuitavit
780 3864 878 3925 Jesus
891 3863 926 3925 in
943 3866 1068 3942 Spiritu
1123 3868 1265 3945 sumptio
1282 3869 1318 3928 in
1333 3881 1438 3938 coena,
1453 3862 1620 3940 significat
1634 3859 1837 3923 relictionem
1849 3847 1904 3908 dii:

271 3957 306 4020 et
326 3956 430 4019 dixit:
454 3957 645 4030 confitebor
673 3959 744 4032 tibi,
772 3961 894 4030 Pater,
923 3965 1068 4026 Domine
1124 3965 1309 4043 cipuiorum
1319 3965 1355 4025 in
1370 3962 1534 4042 passione,
1548 3961 1582 4022 et
1595 3959 1739 4021 reditum
1752 3963 1859 4016 eorum
1868 3941 1902 4004 ad

272 4059 347 4118 coeti
360 4056 394 4116 et
404 4055 512 4116 terroe
523 4051 616 4133 (Luc.
628 4071 661 4128 x,
673 4054 738 4134 21).
756 4058 1068 4123 Hocrestimentum
1125 4063 1291 4125 Christum
1314 4061 1350 4122 in
1369 4058 1625 4123 ressurectione.
1650 4055 1745 4118 Unde
1760 4046 1903 4123 scriptum

273 4152 426 4230 deposuit
450 4151 581 4230 quando
601 4152 703 4215 dixit:
730 4157 854 4218 Tristis
877 4158 929 4220 cst
950 4163 1069 4222 antimo
1124 4161 1226 4225 estin
1241 4159 1438 4236 Evangelio:
1458 4159 1505 4218 Et
1522 4157 1643 4217 reticio
1659 4168 1702 4216 eo
1722 4159 1835 4212 omncs
1850 4141 1903 4215 Ju-

272 4265 352 4313 meo
376 4263 484 4323 usque
510 4251 556 4311 oei
580 4251 731 4312 mortem
760 4253 874 4328 (Marc.
902 4271 974 4329 x1v,
1004 4260 1067 4338 34).
1122 4260 1249 4336 peiuut
1264 4254 1396 4336 (Matih.
1411 4270 1506 4326 xxvi,
1521 4250 1585 4333 56).
1610 4252 1672 4324 Qui
1688 4253 1796 4314 tamen
1812 4241 1903 4346 inre-

273 4347 397 4410 Habuit
411 4347 443 4408 et
461 4348 695 4409 vestimentum
710 4349 852 4423 decoris,
867 4352 955 4414 unde
971 4355 1068 4416 Salo·
1123 4355 1330 4418 surrectione
1345 4351 1519 4414 redierunt
1541 4349 1583 4412 ad
1605 4365 1693 4421 eum,
1715 4343 1797 4408 sicut
1809 4349 1903 4410 sorni)-

272 4461 370 4507 mon:
386 4447 497 4507 Decor
508 4447 832 4522 indumentumejus
844 4453 956 4527 (Pron.
971 4468 1066 4524 xxxn,
1122 4454 1266 4516 tamesi
1292 4452 1327 4514 in
1358 4449 1553 4527 Evangelio:
1579 4449 1741 4509 diedecim
1761 4429 1903 4508 (1111114411

272 4542 338 4623 25).
356 4545 425 4603 Hoc
442 4541 676 4605 uestimentum
700 4543 863 4622 deposuit,
881 4548 1013 4624 quando
1032 4549 1069 4610 in
1122 4551 1283 4614 ubiemutt
1307 4553 1344 4612 tu
1367 4553 1553 4619 Gatitaeoiu,
1571 4545 1605 4608 et
1630 4542 1783 4606 videntes
1795 4528 1903 4598 Dolui-

273 4639 529 4717 passionevisus
539 4640 665 4702 estnon
676 4640 798 4702 habere
810 4645 952 4720 speciem
963 4662 1069 4726 neque
1122 4663 1206 4710 uictu
1223 4643 1740 4725 odouaceruuttlllatth.nnv111,
1757 4632 1819 4714 16).

273 4738 444 4809 decorem,
470 4737 557 4800 sicut
582 4737 663 4800 dicit
685 4739 791 4801 isaias
823 4739 880 4821 (is.
908 4758 983 4814 nm,
1009 4743 1066 4826 2):
1164 4743 1315 4806 Secunda
1337 4743 1498 4821 depositio
1520 4739 1687 4817 signiiioat
1701 4729 1824 4810 eosqui
1837 4733 1901 4787 ium

272 4835 403 4897 Habuit
414 4836 448 4895 et
462 4835 707 4898 uestimentum
720 4841 870 4912 luminis,
884 4842 960 4918 quia
975 4843 1012 4905 nt
1023 4843 1070 4906 ait
1123 4841 1313 4918 ligaverunt
1335 4840 1377 4901 ad
1400 4839 1598 4910 columnam,
1619 4837 1652 4899 et
1676 4834 1733 4914 qui
1753 4845 1794 4894 ex
1811 4827 1900 4902 igno-

274 4929 499 5007 Evangelista:
512 4932 849 5012 intransiiguratione
858 4943 1070 5015 resplenduit
1123 4941 1233 5002 nantia
1252 4937 1489 5000 crucifixerunt
1508 4952 1601 5007 eum,
1623 4950 1682 5012 pro
1704 4929 1818 5012 quibus
1841 4921 1902 4994 ii³⁰

272 5032 380 5106 socies
406 5031 499 5102 uiis,
521 5031 610 5092 sicut
630 5037 690 5104 sot,
715 5033 748 5094 et
769 5035 975 5099 uestimenta
995 5042 1070 5112 ejus
1123 5037 1232 5100 oravit
1243 5036 1357 5100 dicens
1370 5057 1377 5096 :
1391 5035 1502 5098 Pater
1513 5037 1647 5110 ipsiosce
1662 5034 1738 5104 uias,
1751 5027 1827 5103 pitin
1838 5025 1900 5118 uas:

272 5131 366 5204 sucta
379 5127 552 5190 minitatio
571 5129 661 5189 sicut
679 5133 744 5191 uias
764 5127 997 5209 (Matinum,
1017 5137 1069 5215 2).
1123 5136 1219 5198 ciunt
1243 5137 1324 5209 quiid
1348 5133 1482 5208 sociaeiut
1513 5129 1606 5210 (Luc.
1635 5143 1733 5200 xxm,
1761 5119 1823 5200 34)·
1848 5113 1899 5184 0¹¹¹

271 5227 344 5308 dioc
366 5226 600 5288 vestimentum
623 5226 776 5304 deposuit
795 5230 926 5306 quando
949 5247 969 5294 a
992 5233 1069 5296 tiliis
1124 5234 1226 5296 misso
1247 5231 1373 5310 Spiritu
1395 5231 1516 5292 Sancto
1530 5225 1752 5298 crediderunt,
1766 5209 1900 5318 sicutis-

273 5321 486 5384 tenebrarum
510 5339 546 5385 se
576 5324 813 5402 comprehendi
847 5330 1014 5404 permisit,
1038 5332 1071 5394 et
1124 5331 1215 5410 gitur
1238 5329 1273 5391 in
1292 5327 1429 5390 Actibus
1444 5324 1685 5403 Apostolorum,
1707 5305 1901 5414 quiapraeili·

275 5418 380 5496 spinis
392 5421 561 5493 coronari,
578 5421 613 5484 in
628 5439 727 5484 cruce
743 5425 912 5502 suspendi,
924 5428 958 5490 et
966 5427 1070 5492 clavis
1126 5430 1222 5494 eante
1244 5427 1354 5498 Petro,
1374 5423 1531 5501 baptizali
1546 5419 1680 5482 inerunt
1696 5435 1762 5480 una
1781 5413 1830 5475 die
1844 5406 1899 5466 tili

274 5515 407 5593 contigi.
1124 5527 1240 5599 millia,
1256 5525 1290 5588 et
1303 5524 1370 5586 alio
1383 5523 1438 5584 die
1451 5520 1595 5599 quinque
1609 5516 1724 5579 millia.
1738 5509 1842 5578 Tertia
1855 5499 1901 5608 dt·

318 5613 480 5686 Christus,
502 5629 575 5676 cum
591 5617 635 5678 sit
651 5632 712 5679 rex
732 5635 849 5696 regum
868 5623 900 5686 et
918 5622 1070 5687 dominus
1124 5625 1257 5706 positio,
1281 5621 1412 5700 anando
1438 5619 1557 5679 illusus
1584 5616 1635 5679 est
1653 5614 1695 5677 ab
1711 5607 1900 5708 111111111-

278 5711 529 5786 dominantium,
553 5715 705 5790 permisit
721 5731 757 5779 se
776 5719 881 5795 spinis
902 5727 1068 5800 coronari,
1124 5723 1262 5801 gnificat
1280 5717 1413 5783 ludaeos
1429 5713 1641 5791 generaliter,
1665 5713 1722 5793 qui
1735 5708 1809 5775 licet
1821 5706 1901 5784 prins
