4004 6302
60 322 119 382 ⁸25
476 400 479 406 Ι
652 321 859 386 1011111111
880 323 1129 386 rauranum.
1651 329 1712 420 826,

59 481 229 557 marteine
249 479 447 544 testamenti
471 480 523 544 iai
552 483 705 547 caracara
724 482 858 546 cinctos
916 479 1004 544 dixit
1027 480 1200 560 discipulis
1227 483 1261 546 et
1290 483 1439 550 ascendit
1458 486 1495 550 ln
1514 487 1645 550 cmlum.
1667 488 1715 554 De

60 582 188 640 deiaea
202 581 241 640 ta
254 591 399 651 oaoaoa
413 579 590 652 aratoque
601 576 712 658 (zach.
727 595 774 653 rx,
792 579 856 660 11).
912 579 1021 641 monte
1043 579 1207 642 olivarum
1228 582 1388 642 Dominus
1415 582 1587 647 benedixit
1607 587 1711 648 disci·

61 667 224 738 momnis
239 690 312 752 quae
325 676 402 737 sunt
415 675 503 738 inter
510 678 628 738 coelum
644 679 677 740 et
691 679 857 740 infernum
913 676 1012 752 pulis,
1022 677 1099 753 quia
1105 679 1242 754 propter
1248 679 1385 740 nimiam
1396 679 1592 744 charitatem
1602 699 1708 758 suam,

60 773 208 850 disponit
236 774 394 846 suaviter,
434 773 627 836 redimendo
658 777 798 838 miseros
826 777 859 839 et
913 788 977 850 qua
990 772 1108 836 dilexit
1118 790 1191 846 nos,
1203 773 1376 838 benedixit
1389 777 1494 839 nobis.
1507 781 1547 840 Et
1561 780 1712 844 ascendit

60 871 253 947 peccatores
271 870 494 947 justificando
516 873 573 948 qui
587 887 646 949 per
664 874 858 951 prophetam
913 871 947 932 in
960 870 1089 944 coelum,
1103 871 1180 948 quia
1196 871 1274 934 lecit
1287 873 1381 935 nobis
1399 889 1490 952 spem
1505 877 1708 944 ascendendi

60 967 164 1029 dicit:
188 972 320 1030 Coeium
340 969 375 1028 et
391 969 526 1030 terram
537 982 599 1046 ego
613 973 746 1045 impleo.
765 972 805 1033 Et
822 971 857 1033 in
912 985 987 1032 cum
1012 969 1186 1046 ipseipse
1207 969 1294 1031 enim
1323 971 1482 1042 ascendit,
1503 973 1551 1034 sic
1573 990 1635 1035 nos
1658 989 1711 1036 as·

59 1065 463 1128 Psalmozsi'asceadero
476 1069 514 1127 ia
529 1071 662 1140 crelam,
675 1067 713 1129 ta
729 1071 856 1142 iaicas,
912 1065 1100 1137 cendimus,
1136 1066 1215 1142 quia
1253 1067 1340 1128 sicut
1375 1068 1455 1130 dicit
1485 1071 1661 1146 Apostolus
1695 1091 1705 1132 z

59 1165 309 1225 saracenam
316 1166 354 1224 aa
362 1165 551 1238 infernam,
561 1168 643 1226 caes
651 1163 720 1243 (rs.
733 1167 801 1238 138,
811 1164 856 1246 ε).
912 1165 1069 1224 Memora
1083 1177 1204 1226 mmas
1219 1166 1376 1238 corpora
1394 1167 1480 1236 aas,
1497 1166 1531 1228 et
1549 1169 1590 1228 ae
1603 1153 1710 1231 caasa

96 1259 301 1335 Unigenitus
312 1260 425 1336 itaque
440 1260 529 1322 illius
550 1261 621 1334 Dei,
635 1262 773 1324 verbum
788 1265 858 1326 Pa·
913 1263 998 1335 ejus,
1012 1260 1046 1320 et
1059 1262 1101 1321 dc
1115 1262 1246 1322 ossibus
1255 1263 1331 1332 ejas
1342 1259 1438 1341 (Eph.
1451 1277 1484 1334 v,
1501 1260 1567 1342 30).

58 1356 119 1420 tris
151 1356 234 1418 ante
266 1357 401 1430 saecula,
431 1358 595 1435 sapientia
620 1359 775 1422 videlicet
798 1360 858 1423 Dei
952 1357 1048 1416 Mons
1063 1371 1191 1434 quoque
1217 1355 1332 1419 oliveti
1357 1358 1618 1433 magnitudinem
1641 1358 1711 1436 sig-

59 1454 184 1525 Patris,
212 1469 286 1530 quas
314 1453 446 1530 quando
478 1455 513 1516 in
545 1456 709 1534 principio
734 1458 860 1524 creavit
913 1451 1027 1516 nificat
1051 1451 1289 1514 misericordiae
1321 1455 1464 1516 Domini.
1495 1455 1587 1518 Sicut
1620 1456 1710 1518 enim

60 1553 146 1616 Deus
164 1551 269 1613 Pater
289 1551 408 1614 cmlum
421 1551 454 1614 θῖ
466 1552 602 1627 terram,
616 1569 749 1628 cumeo,
761 1555 857 1630 idest,
914 1550 1033 1622 oleum,
1045 1549 1163 1626 quibus
1176 1550 1399 1624 ammiscetur,
1409 1552 1540 1614 excedit
1551 1552 1709 1631 liquores,

60 1664 132 1709 cum
148 1649 252 1710 Patre
269 1649 342 1710 erat
360 1651 478 1712 cuncta
490 1665 702 1728 componens.
719 1653 861 1730 Sapien-
913 1648 962 1710 sic
982 1647 1042 1709 Dei
1062 1647 1291 1710 misericordia
1318 1649 1453 1710 cunctas
1478 1652 1550 1727 eJus
1576 1650 1712 1727 superat

59 1747 112 1806 tiae
148 1745 269 1807 domus
303 1746 494 1810 humanitas
529 1748 651 1810 Christi
684 1751 745 1812 θεῖ.
780 1750 860 1814 Inde
914 1745 1133 1826 operationes.
1163 1745 1292 1806 Dicitur
1318 1745 1437 1808 enim:
1467 1749 1711 1810 Misericordia

59 1857 205 1920 namque
233 1843 302 1905 ait:
327 1844 454 1906 Solvite
482 1845 645 1920 ternplum
671 1850 742 1920 boc,
768 1848 802 1910 et
821 1851 859 1912 ta
913 1847 1108 1918 aiassacper
1122 1845 1238 1904 amata
1252 1845 1457 1918 operarias.

60 1941 178 2000 triduo
191 1939 859 2024 emcitaboiiiadffloan.11,19).D0mus
957 1941 1035 2002 Tria
1069 1939 1147 2001 sunt
1182 1939 1217 2001 in
1251 1938 1370 2000 oliva:
1396 1938 1504 2016 radix,
1538 1939 1644 2014 rami,
1678 1941 1712 2002 et

59 2051 137 2111 ergo
154 2051 257 2112 quam
266 2035 502 2114 sibisapieutia
510 2038 699 2112 aedificavit,
711 2040 861 2104 humani·
915 2037 1050 2100 lructus.
1085 2036 1193 2099 Radix
1226 2036 1278 2098 θεῖ
1308 2036 1475 2114 Ecclesia3
1512 2036 1599 2098 rami
1633 2037 1712 2100 sunt

60 2133 861 2216 tasest,quamsibiChristusinl'irgineassump·
914 2135 1114 2210 Christiani3
1130 2134 1266 2208 tructus,
1282 2133 1369 2196 bona
1395 2149 1509 2213 opera.
1534 2135 1629 2196 Oliva
1649 2150 1712 2196 suo

60 2231 113 2302 sit,
128 2230 230 2304 idest,
248 2230 380 2308 quando
395 2247 528 2294 carnem
544 2235 692 2296 nostram
708 2234 859 2312 fragilem
914 2233 1042 2310 liquore
1071 2232 1158 2310 quod
1189 2232 1318 2294 caeteris
1348 2232 1542 2310 supernatat
1576 2231 1711 2294 miseri-

61 2326 253 2404 passibilem
285 2329 319 2389 et
350 2329 522 2392 mortalem
553 2331 689 2408 recepit.
720 2334 767 2394 De
797 2333 860 2394 hac
914 2330 1060 2393 cordiam
1093 2328 1242 2407 praelert,
1271 2330 1306 2391 et
1330 2329 1366 2390 in
1396 2329 1600 2406 pressarium
1634 2344 1714 2390 cru-

61 2425 180 2502 quippe
193 2423 294 2487 domo
309 2425 511 2502 praedixerat
524 2426 671 2490 etJacob
687 2451 695 2490 :
711 2433 791 2492 Nora
809 2429 862 2492 est
914 2428 963 2490 cis
998 2427 1179 2503 elignatum
1200 2427 1251 2488 est
1271 2426 1353 2486 illud
1376 2426 1503 2502 oleum,
1538 2425 1623 2503 quod
1650 2426 1714 2488 Sa-

60 2525 111 2584 aaa
122 2525 300 2584 arnanise·
309 2525 430 2586 domus
441 2525 748 2602 Dcieipcrtacoeli
763 2525 858 2608 (Gen.
914 2525 1097 2586 maritanus
1118 2522 1239 2584 inludit
1271 2521 1473 2584 vulneribus.
1501 2521 1652 2584 sauciati.
1686 2524 1712 2584 0

62 2617 261 2700 11111117).
914 2621 1045 2692 iratres,
1062 2635 1142 2696 ergo
1154 2618 1333 2680 offeramus
1348 2619 1488 2680 Domino
1506 2617 1628 2679 olivam
1650 2633 1711 2695 per

98 2717 191 2788 Quod
200 2717 313 2778 autem
319 2717 510 2797 Bethpbage
522 2735 588 2784 non
597 2720 723 2784 tantmn
732 2722 858 2796 domus,
915 2733 1016 2794 opera
1030 2715 1279 2786 misericordiae,
1293 2715 1415 2777 uicum
1429 2715 1578 2778 videmus
1590 2713 1712 2778 iratres

62 2814 115 2874 sed
132 2815 255 2899 domus
280 2813 394 2878 buccae
418 2819 476 2878 aut
495 2816 687 2892 buccarum,
709 2821 747 2882 ut
773 2835 862 2898 prae-
915 2815 1045 2878 nostros
1066 2813 1297 2875 necessitatem
1320 2811 1495 2885 habentes,
1520 2827 1587 2874 non
1613 2810 1710 2874 clau-

62 2913 330 2984 memoravimus,
344 2913 592 2991 interpretatur,
608 2917 773 2993 superiori
786 2918 862 2996 qui-
915 2913 1032 2976 damus
1046 2910 1176 2974 viscera
1195 2911 1309 2973 nostra
1323 2907 1364 2971 ab
1379 2911 1439 2982 eis,
1455 2909 1533 2987 quia
1552 2908 1712 2986 scriptum

62 3008 132 3070 dem
146 3009 352 3086 expositioni
371 3025 438 3071 non
453 3010 624 3074 dissonum
642 3013 783 3086 videtur,
803 3015 861 3078 sed
915 3011 1017 3073 estin
1039 3008 1209 3086 Sapientia
1227 3028 1235 3068 ε
1261 3009 1465 3070 Foerccratar
1480 3010 1637 3080 Domino,
1653 3007 1713 3082 gat

62 3107 168 3182 polius
183 3119 379 3168 consonum.
400 3108 532 3170 Domini
547 3125 690 3189 namque
711 3112 866 3175 humaui·⁸
914 3107 1103 3170 miseretur
1111 3107 1259 3182 pauperi
1274 3102 1385 3184 (Prov.
1401 3119 1473 3176 xxx,
1489 3101 1553 3182 17).

65 3203 111 3264 tas
146 3204 267 3265 domus
300 3203 414 3266 buccae
448 3204 581 3281 dicitur,
607 3209 685 3284 quia
714 3210 860 3272 omnium
955 3203 1129 3266 Portemus
1151 3203 1240 3264 enirn
1270 3202 1415 3280 palmam
1438 3201 1601 3264 olivarum
1627 3197 1714 3278 quod

64 3315 278 3378 quaecumque
290 3301 385 3378 pater
399 3302 457 3363 aut
471 3306 760 3368 sacramentaliter
774 3324 862 3385 prae-
915 3302 967 3364 est
979 3301 1112 3376 signum
1125 3299 1286 3370 ViOlOPiaes
1303 3298 1380 3375 quia
1393 3313 1436 3359 01
1450 3313 1490 3359 0³
1502 3295 1713 3358 001'0ssabafl·
1819 3347 1820 3350 =

64 3397 237 3472 signando,
260 3399 318 3460 aut
345 3399 536 3476 prophetice
566 3402 775 3478 praedicendo
801 3419 863 3481 pa·
915 3399 970 3460 tur
992 3396 1120 3472 antiqui
1138 3395 1292 3457 victores.
1317 3394 1356 3455 Et
1379 3393 1436 3454 ubi
1459 3395 1510 3455 est
1529 3393 1622 3454 tanta
1642 3391 1715 3454 vic-

64 3495 220 3567 traverat,
232 3495 308 3571 ipsa
320 3494 482 3558 exhibitio
495 3498 554 3560 est
569 3499 698 3560 Dicitur
706 3501 816 3562 autem
829 3501 861 3562 et
914 3493 1012 3565 toria,
1025 3494 1061 3553 ul
1072 3491 1212 3552 ViGlOria
1224 3489 1344 3562 ciuili,
1356 3491 1390 3549 in
1404 3505 1469 3566 qua
1482 3489 1585 3550 David
1600 3489 1714 3548 noster

64 3595 182 3653 domus
206 3595 401 3666 baccarum,
428 3594 506 3670 quia
537 3611 651 3656 omnes
676 3596 773 3658 electi
793 3599 861 3660 tam
915 3604 994 3650 vere
1019 3603 1121 3650 manu
1146 3585 1240 3648 fortis
1266 3586 1300 3646 et
1324 3586 1460 3664 aspectu
1481 3582 1714 3645 desiderabilis

63 3688 285 3750 antechristi
309 3689 499 3762 adventum,
524 3708 623 3770 quam
655 3694 739 3770 post,
762 3694 862 3771 primi
916 3701 1017 3748 manu
1032 3683 1151 3746 inermi
1175 3684 1216 3746 et·
1229 3682 1330 3744 etiam
1344 3682 1436 3744 cruci
1461 3681 1563 3744 alilxa
1582 3680 1714 3742 (loliath

64 3785 303 3862 prophetando,
320 3787 355 3849 et
369 3787 494 3864 posteri
515 3788 738 3866 praedicando,
753 3791 794 3854 de
809 3808 860 3866 aa,
916 3782 1037 3860 dejecit
1050 3782 1083 3843 θῖ
1096 3780 1274 3842 debellavit
1287 3795 1403 3842 aereas
1422 3779 1621 3856 potestatesl
1631 3776 1716 3838 Oile-

63 3882 183 3945 imoea
204 3883 309 3946 locuti
325 3883 413 3956 sunt,
431 3885 519 3948 siout
539 3887 638 3948 etjam
661 3887 738 3950 finis
758 3891 863 3952 gean.
916 3895 1029 3942 ramus
1050 3895 1141 3955 ergo,
1157 3877 1289 3952 iratres,
1313 3893 1373 3939 nos
1398 3878 1542 3954 palmam
1566 3875 1715 3938 victoriae

63 3981 141 4056 gilii
155 3981 265 4054 docel,
280 3981 509 4058 quumdicitur
524 4003 532 4045 ε
549 3985 595 4045 at
608 3987 667 4058 aaut
675 3987 860 4060 praeibam,
917 3981 954 4040 ut
974 3977 1086 4038 hostes
1100 3975 1250 4038 visibiles
1268 3977 1302 4038 et
1315 3973 1500 4036 invisibiles
1522 3988 1715 4049 superemus

64 4079 95 4138 ct
116 4081 178 4152 qai
197 4079 428 4152 sequebantur
454 4082 646 4144 clamabant
659 4099 672 4143 .·
695 4086 862 4148 Hosanaa
916 4075 1108 4148 existentes,
1124 4073 1227 4136 fortes
1241 4073 1278 4133 in
1291 4072 1378 4134 bello
1394 4072 1428 4133 et
1441 4071 1625 4148 pugnantes
1640 4085 1716 4130 cum

63 4177 149 4236 Filio
161 4177 275 4236 David
287 4171 418 4253 (Matth.
434 4191 505 4248 xx1,
519 4172 565 4254 9).
917 4173 1054 4250 antiquo
1077 4171 1242 4248 serpente,
1263 4170 1359 4242 idest,
1378 4185 1454 4232 cum
1475 4166 1619 4240 diabolo,
1637 4165 1716 4244 quia

103 4270 168 4332 Sed
184 4285 227 4332 ne
242 4285 376 4334 causam
391 4271 492 4334 tantae
512 4274 717 4350 operationis
728 4277 764 4338 ut
775 4277 862 4338 Deus
917 4270 1075 4346 scriptum
1102 4269 1153 4331 est
1178 4268 1215 4328 in
1242 4265 1441 4344 Apocalypsi
1465 4285 1472 4324 :
1496 4267 1561 4331 Oai
1580 4263 1714 4336 uicerit,

64 4366 162 4430 bomo
187 4366 295 4442 fleret,
320 4369 354 4431 et
376 4370 513 4432 creator
526 4372 693 4445 creatura,
718 4373 860 4436 tacende
916 4369 1000 4429 dado
1025 4369 1058 4430 ei
1080 4369 1182 4428 adare
1211 4367 1252 4426 de
1279 4367 1371 4441 lirae
1395 4361 1478 4424 aiioe
1500 4360 1716 4436 quodecim

64 4465 263 4541 praeteriret,
304 4457 501 4530 subsecutus
540 4469 752 4544 avangelista
788 4471 859 4533 ait:
913 4457 1474 4540 paradisoDeimei(Apoc·11‚7l·

65 4566 114 4624 Ad
148 4564 304 4624 amntem
333 4565 460 4626 oliveti.
488 4565 583 4626 Mons
615 4565 778 4628 olivarnm
812 4566 863 4630 est
956 4558 1140 4632 Processio,
1153 4557 1284 4630 iratres,
1296 4556 1457 4618 hodierna
1468 4571 1566 4633 quam
1576 4552 1716 4615 facimus

65 4659 212 4722 charitas
234 4661 305 4733 Dei,
326 4659 421 4734 idest,
445 4676 539 4724 amor
564 4678 628 4739 quo
654 4663 762 4740 diligit
788 4679 859 4738 nos,
916 4658 1058 4730 Christe,
1081 4657 1233 4734 atquem
1258 4654 1408 4716 iecerunt
1432 4653 1494 4715 lilii
1516 4651 1620 4713 Israel
1640 4665 1716 4712 cum
1743 4739 1747 4748 ι

65 4757 142 4833 alfia
161 4756 310 4819 charitas
330 4756 406 4820 ideo
427 4758 549 4820 dicitur
566 4775 662 4822 mons
686 4761 860 4835 olivarum,
916 4755 1019 4817 ramis
1032 4752 1218 4831 palmarum
1232 4751 1452 4824 etolivarum,
1467 4748 1633 4825 significat
1644 4762 1718 4823 pro·

64 4853 160 4926 idest,
169 4854 278 4916 mater
286 4853 433 4916 omnium
447 4856 764 4927 misericordiarum,
771 4860 860 4936 quia,
917 4852 1101 4914 cessionem
1116 4848 1208 4910 illam
1224 4846 1355 4925 quando
1374 4843 1646 4934 procedemus'de
1663 4859 1719 4904 εθ-

66 4951 197 5014 sicutin
213 4952 500 5014 monteolivarum
513 4952 610 5016 erant
624 4955 736 5017 multae
752 4956 860 5030 oliva,
918 4946 1066 5026 pissihlis
1087 4945 1220 5018 nostris,
1238 4945 1270 5006 θῑ
1291 4943 1413 5004 illimus
1430 4942 1561 5004 Obviam
1585 4940 1716 5003 Christo
1756 4955 1760 4962 '

65 5047 163 5121 itaet
179 5049 221 5109 aa
239 5047 403 5112 charitats
427 5050 487 5112 uel
508 5049 629 5113 cantur
643 5051 863 5116 noursmuliae
918 5046 953 5108 in
975 5059 1065 5106 aera·
1089 5042 1186 5108 Remi
1213 5041 1399 5120 palmarum
1421 5039 1609 5116 significant
1631 5035 1717 5118 quod

64 5144 316 5208 misericordia.
339 5147 437 5219 Nam,
462 5147 548 5210 sicut
575 5147 656 5211 dicit
674 5150 862 5218 Ecclesias-
918 5159 979 5204 nos
991 5140 1186 5203 habebimus
1199 5140 1375 5202 victoriam
1389 5139 1429 5200 de
1444 5135 1648 5199 damonibus
1661 5133 1718 5210 qui

65 5242 149 5304 licus
164 5265 171 5302 :
187 5243 371 5306 Miseratio
389 5248 538 5306 barcinis
556 5246 607 5307 esi
628 5249 722 5310 circo
736 5251 863 5321 promr-
913 5238 1152 5316 judicabuntur
1166 5253 1186 5300 a
1200 5237 1307 5310 nobis,
1321 5236 1407 5298 sicut
1421 5234 1502 5296 dicii
1514 5232 1689 5309 Apostolus
1708 5255 1716 5294 :

65 5355 284 5403 marescum.
296 5343 538 5404 Misericordia
551 5345 669 5405 aaran
681 5348 745 5407 Det
759 5361 865 5421 saper
917 5339 1067 5400 Nescitis
1081 5339 1244 5411 quoniam
1264 5338 1401 5411 abactas
1412 5333 1660 5404 jadicaoimmr
1675 5327 1715 5408 (l,

72 5453 209 5500 omnem
221 5451 366 5500 caraem
376 5435 477 5517 (Eccl.
494 5454 589 5512 xvrn,
605 5437 669 5518 12).
919 5435 992 5498 Cor.
1004 5449 1049 5508 vr,
1063 5432 1109 5513 3).
1122 5431 1392 5495 Ramiolivarum
1403 5427 1592 5504 significant
1601 5441 1717 5504 pacem

103 5537 150 5596 De
171 5535 238 5597 hoc
254 5535 365 5596 monte
379 5535 520 5611 legimus
535 5551 570 5596 rn
584 5537 763 5614 Evangelio
778 5540 865 5616 quod
919 5547 1017 5609 quam
1040 5529 1200 5591 babemus
1219 5541 1297 5589 cum
1312 5529 1380 5587 Deo
1395 5527 1428 5588 et
1447 5541 1521 5588 cum
1543 5523 1670 5599 angelis
1685 5523 1719 5584 et

66 5633 225 5694 Dominus
237 5633 335 5695 lesus
349 5633 486 5698 elevatis
502 5631 654 5696 manibus
675 5636 745 5698 suis
763 5635 866 5702 bene·
920 5625 1201 5705 011111001‘901'111118
1221 5625 1354 5686 nostris·
1372 5625 1411 5686 Et
1432 5623 1517 5684 sicul
1538 5619 1631 5699 lueri
1651 5622 1719 5683 Ηθ·
