3988 6300
583 350 740 424 QUINTA
761 349 1024 412 COMPth'I'IO.
1046 347 1125 410 LIB.
1149 349 1173 407 I.
1645 347 1702 408 too

945 511 1110 585 Episcopo
1124 507 1283 568 Bctoceo.
1309 502 1360 585 (d)
1381 507 1414 568 ct
1438 505 1551 567 abbati
1574 509 1615 568 dc
1637 508 1702 568 So·

230 607 397 683 Episcopo
420 605 589 666 Sotcicnst
610 601 672 684 (a).
1028 607 1140 682 persto,
1157 605 1192 668 ct
1204 606 1446 667 aromaticam
1462 605 1599 666 liccem.

348 799 484 860 CAPUT
505 799 561 860 ΙΙΙ.
1197 820 1334 880 CAPUT
1353 819 1407 880 lv.

91 988 124 1046 N
128 1002 171 1047 on
186 984 317 1048 videtur
330 984 584 1062 metropolitano
595 984 710 1058 licere,
726 985 763 1046 ut
776 982 850 1045 sui·
946 986 1091 1049 Dilectus
1105 987 1150 1048 lil.
1159 985 1259 1050 abbas
1270 988 1464 1050 monasterii
1477 985 1701 1051 Roihonensis

43 1082 206 1158 fraganei
221 1083 273 1144 sui
281 1085 360 1161 jura
374 1082 512 1154 minuat,
529 1083 583 1144 vel
608 1082 769 1154 immutet,
786 1081 851 1142 nisi
907 1080 962 1164 (c),
979 1087 1095 1146 Venet.
1111 1083 1275 1158 dioecesis,
1292 1085 1446 1162 exposuit
1465 1103 1577 1148 coram
1593 1085 1699 1158 nohis,

41 1197 156 1258 super
167 1181 351 1257 ecantiqun
360 1180 395 1242 et
406 1180 587 1258 approbata
598 1179 848 1252 consuetudine,
907 1182 991 1257 quod
1005 1181 1103 1244 tertia
1116 1198 1195 1260 pars
1208 1182 1434 1255 emendarum,
1451 1199 1533 1260 quas
1548 1183 1700 1246 homines

43 1278 107 1338 vel
123 1278 261 1355 speciali
284 1278 459 1355 privilegio
480 1278 649 1340 muniatur
664 1295 672 1335 z
689 1277 777 1339 unde
791 1293 849 1340 re·
906 1279 1050 1357 quinque
1071 1279 1315 1356 parochiarum,
1343 1295 1417 1357 quae
1445 1281 1498 1341 sui
1519 1283 1700 1344 conventus

44 1375 167 1452 putari
181 1376 287 1452 potest
300 1375 486 1452 indignum,
508 1375 544 1438 ut
564 1373 658 1456 in(b)
673 1375 727 1437 die
742 1376 851 1438 Goenae
906 1376 983 1437 sunt
997 1377 1110 1438 usibus
1133 1378 1308 1454 deputatas,
1331 1393 1390 1456 pro
1410 1377 1479 1438 suis
1508 1378 1700 1439 excessibus

44 1474 198 1545 Domini,
215 1488 279 1550 quo
288 1473 444 1534 deberent
458 1473 493 1534 in
506 1472 658 1536 ecclesiis
674 1473 744 1534 suis
762 1472 853 1550 epis-
907 1474 1036 1536 solvere
1050 1475 1302 1552 compelluntur,
1316 1475 1357 1536 ad
1373 1483 1469 1537 suum
1482 1475 1609 1554 spectat
1623 1493 1697 1537 mo-

43 1571 130 1646 copi
145 1571 290 1633 chrisma
304 1571 724 1648 conficere,lavare,Juxta
738 1586 853 1632 exem·
906 1571 1086 1633 hasterium
1111 1572 1151 1634 ab
1175 1572 1321 1650 antiquo,
1347 1571 1380 1633 et
1401 1571 1487 1650 quod
1509 1573 1596 1634 inter
1610 1573 1700 1650 ipsos

44 1667 146 1745 plum
161 1667 303 1741 Domini,
317 1669 417 1745 pedes
433 1684 626 1747 pauperum,
643 1669 677 1731 et
700 1667 853 1730 reconci-

43 1765 138 1826 liare
146 1765 277 1842 publice
286 1766 494 1843 poenitentes,
512 1766 553 1826 ad
562 1765 851 1842 metropolitanam

44 1861 241 1935 ecclesiam,
258 1879 332 1939 quae
354 1860 400 1942 (c)
415 1877 475 1939 per
494 1861 714 1939 quadraginta
728 1861 853 1923 millia-

44 1961 104 2021 ria
119 1958 310 2037 etamplius
334 1975 353 2020 a
377 1961 409 2020 te
433 1958 543 2031 distat,
570 1959 715 2020 chrisma
729 1959 848 2020 ibidem

45 2074 131 2118 cum
144 2056 398 2133 metropolitano
410 2055 466 2117 tuo
479 2055 688 2118 confecturus
698 2055 849 2130 accedas3

47 2169 243 2230 quanquam
258 2153 345 2214 idem
367 2152 641 2229 metropolitanus
654 2153 722 2214 tam
735 2153 770 2214 in
781 2153 848 2224 tua,

46 2267 153 2328 quam
167 2250 204 2312 in
218 2249 295 2311 aliis
320 2249 563 2328 metropolitico
573 2251 651 2327 jure
677 2248 740 2310 sibi
767 2249 849 2310 snb-

39 2347 150 2425 jectis
169 2345 329 2420 ecclesiia,
350 2363 417 2408 non
436 2363 479 2410 ex
500 2347 637 2426 speciali
663 2347 848 2425 privilegio,

45 2445 108 2506 vel
124 2445 257 2522 antiqua
273 2445 306 2506 et
320 2443 501 2522 approbata
516 2445 765 2518 consuetudine,
792 2445 849 2506 sed

47 2560 99 2604 ex
112 2543 328 2619 usurpatione
342 2542 452 2619 potius
477 2543 541 2604 hoc
568 2542 751 2605 obtinuisse
766 2543 850 2604 hac-

47 2641 153 2702 tenus
167 2640 330 2702 videatur.
346 2643 416 2701 Hoc
430 2640 542 2717 itaque
556 2641 635 2702 olim
649 2641 685 2703 in
697 2642 754 2704 tua
770 2656 852 2704 con-

48 2738 240 2800 secratione
254 2737 435 2815 prudenter
458 2738 643 2811 attendens,
670 2737 757 2816 quod
772 2737 851 2800 huic

49 2835 241 2912 gravamini
254 2851 458 2908 occurreres
475 2835 567 2898 suisti
577 2835 708 2915 publice
722 2836 852 2914 protes-

49 2933 153 2994 tatus.
170 2933 325 2994 Volentes
343 2933 457 3008 igitur,
486 2949 561 2995 van.
590 2933 627 2995 in
642 2934 772 2995 Christo
793 2931 846 3004 ir„

48 3032 112 3092 tuo
128 3045 226 3108 super
239 3030 432 3106 gravamine
452 3030 637 3108 providere,
653 3030 850 3094 auctoritate

49 3127 116 3188 tibi
130 3128 343 3204 praesentium
357 3128 577 3204 indulgemus,
594 3127 630 3190 ut
643 3128 683 3190 ad
706 3129 770 3191 hoc
784 3128 849 3188 nisi

51 3223 200 3302 speciale
214 3224 425 3302 privilegium
438 3225 560 3301 exigat,
585 3225 639 3287 vel
654 3225 802 3304 antiqua,
819 3225 851 3286 et

50 3322 236 3400 approbata
265 3322 469 3384 consuetudo
491 3323 649 3400 requirat,
667 3337 727 3400 per
751 3339 852 3384 usur-

50 3420 223 3500 pationem
237 3419 427 3497 hujusmodi
442 3419 630 3482 nullatenus
651 3421 808 3482 tenearis.

89 3699 134 3774 (c)
149 3700 285 3771 Episcopo
299 3699 445 3758 sutriensi.
460 3699 579 3759 variant
591 3699 619 3756 in
630 3699 675 3772 epi
713 3696 848 3772 aphchu·

47 3773 101 3846 ins
113 3786 189 3843 cap,
205 3771 283 3828 llSS.
293 3770 433 3840 codices3
448 3785 522 3827 unns
538 3770 624 3828 habet
635 3773 672 3828 So
695 3771 766 3839 crisi,
779 3770 850 3826 alins

50 3841 198 3909 Futccosi,
220 3842 330 3911 tertius,
346 3843 494 3911 Sulcicosi,
511 3849 597 3909 recte,
615 3848 646 3898 ut
668 3847 713 3899 eat
731 3841 760 3898 in
775 3840 849 3898 dicto

51 3913 228 3972 Provinclali
247 3913 325 3970 llSS.
343 3912 475 3969 Euxensi.
496 3911 734 3984 Archlepiscopus
749 3913 850 3971 Galari-

50 3993 139 4042 tanus
153 3984 183 4039 in
198 3982 327 4040 Sardinia
342 3981 427 4039 habet
441 3981 848 4055 suffragenenmSulcltenmn,

49 4056 100 4112 vel
128 4054 313 4112 Sulclensem.
338 4054 443 4119 Σουλχοὶ
468 4053 593 4110 secunda
619 4052 687 4110 urbs
713 4052 850 4111 Sardiniae

52 4125 198 4183 Straboni.
220 4123 290 4182 Inde
323 4123 471 4180 Sutcltcnsc
496 4124 720 4196 promontorium
748 4123 848 4190 Plinio,

52 4197 116 4254 Lib.
131 4198 183 4262 lll,
196 4209 259 4266 cap.
278 4197 303 4263 7,
319 4209 355 4250 ex
373 4195 549 4252 correctione
563 4195 705 4252 Hermolai
722 4193 837 4254 Barbari

48 4277 79 4324 et
88 4266 231 4322 Sulcitani
242 4265 338 4338 populi
352 4265 381 4320 in
397 4262 537 4334 Sardinia,
549 4263 623 4338 apud
633 4264 777 4325 eumdem.

87 4368 128 4443 (b)
152 4370 187 4426 lo
201 4370 246 4427 dic
259 4371 354 4427 Cone.
370 4367 414 4426 Ad
428 4368 552 4426 chrisma
571 4367 778 4427 coniciendum
793 4383 849 4425 non

50 4443 159 4498 debent
171 4440 346 4513 suffraganei
362 4441 488 4512 episcopi
503 4439 537 4496 ab
551 4439 766 4512 archiepiscopo
780 4453 848 4496 con·

49 4512 167 4570 vocari:
183 4510 219 4568 ad
233 4525 465 4584 unumquemque
487 4511 653 4583 episcopum
671 4511 699 4566 ln
712 4525 763 4567 sua
776 4509 846 4567 dioe·

49 4584 112 4640 cesi
128 4581 270 4654 pertinent
292 4583 386 4638 ornata
403 4596 466 4652 quae
480 4587 548 4638 sunt
561 4595 597 4637 ex
611 4581 676 4654 lege
692 4579 846 4637 'addictio-

49 4657 98 4710 nia
122 4659 152 4708 ct
167 4650 354 4708 dloecesanse:
378 4659 475 4708 noster
503 4653 645 4708 Honorius
671 4665 757 4720 care,
773 4651 849 4708 dicto

49 4727 314 4794 capsonqucrcutc,
325 4729 353 4778 et
361 4735 423 4794 cap.
437 4720 562 4787 dilectus,
574 4723 624 4778 hoc
633 4722 690 4790 itt,
699 4723 776 4793 opud
786 4723 850 4778 dre·

49 4792 262 4866 por.‚exponit,
271 4801 299 4849 ct
309 4791 374 4864 quid
386 4791 491 4848 habeat
502 4793 735 4864 metropolitanus
748 4807 810 4849 coo.
820 4791 846 4861 b,

50 4865 118 4932 etl,
132 4864 158 4928 9,
174 4877 221 4934 qo.
231 4863 257 4930 3,
271 4863 299 4920 S.
310 4861 482 4932 Bonilacius,
492 4865 580 4934 Epist.
594 4862 628 4920 ad
639 4863 850 4931 cutbertumet

50 4949 119 4994 can.
135 4934 168 4990 91
184 4932 285 5007 synodi
309 4932 504 4991 Antiocheno.
521 4933 689 4992 chrismatis
708 4933 849 4991 conlectio

50 5005 90 5064 ad
104 5003 219 5060 cosdem
235 5003 366 5075 pertinet,
379 5005 452 5060 sicut
465 5005 560 5061 ornnia
574 5019 637 5077 quaa
650 5013 716 5061 sunt
729 5003 848 5072 ordinis,

49 5091 120 5134 can.
132 5075 158 5140 8,
168 5075 450 5146 synodiAqaasprna,
466 5075 505 5132 ll.
521 5075 588 5133 ldeo
603 5089 715 5148 aeqnnm
727 5089 784 5131 non
798 5073 849 5132 luit

50 5147 91 5204 ad
107 5145 135 5201 id
149 5144 374 5202 consecrandum
398 5160 414 5200 e
436 5144 548 5218 iscopos
570 5145 605 5202 ah
634 5145 849 5218 archiepiscopo

49 5215 169 5275 evocari
182 5229 190 5278 ;
202 5216 267 5273 licat
281 5213 387 5287 aliquid
402 5160 477 5272 afind
499 5231 556 5272 non
576 5215 658 5273 valde
673 5215 797 5273 alianum
814 5215 849 5272 ah

50 5289 111 5345 hac
125 5285 262 5358 petitione
277 5285 452 5356 reperiatur;
474 5292 506 5344 ut
529 5300 632 5359 nempe
654 5287 774 5360 quiaque
789 5285 846 5343 sul·

51 5359 212 5430 traganens
226 5370 275 5428 pro
290 5354 370 5413 lestis
388 5357 559 5424 Natiuitatis,
576 5356 705 5424 Paschae,
731 5364 759 5412 et
774 5359 847 5416 Pen-

51 5433 180 5487 tecostes
187 5424 364 5484 celebrandis
372 5426 619 5500 metropolitanum
630 5425 784 5484 convenire
796 5428 849 5484 snb

103 5513 140 5556 na
162 5497 465 5554 excommunicationis
495 5505 646 5570 cogeretur
671 5499 700 5555 in
728 5499 849 5556 concilio

52 5515 231 5637 ffieritano,
246 5567 315 5628 Gan.
327 5568 354 5631 b.
373 5575 402 5625 et
418 5567 553 5626 Toletano
567 5569 647 5637 Xlll,
667 5567 736 5628 nan.
749 5568 776 5626 8.

91 5673 130 5749 (c)
149 5675 205 5730 Per
225 5673 260 5732 lo
273 5673 415 5732 milliario
435 5675 614 5746 etamplius.
631 5673 738 5734 Eadem
761 5672 850 5733 lerina

839 4239 847 4264 ’
904 4235 989 4294 recte,
1006 4227 1031 4284 si
1042 4225 1106 4282 loco
1120 4224 1155 4280 de
1168 4226 1325 4296 Soopcaspo
1340 4223 1421 4295 legas
1435 4222 1471 4279 de
1481 4225 1615 4352 δαπρῖρο,
1631 4239 1695 4294 qua

906 1669 1068 1742 homines,
1080 1669 1152 1731 orta
1165 1668 1391 1738 ecclesiastica
1404 1670 1598 1747 quaestione,
1615 1671 1700 1733 nita-

905 1765 952 1827 tio
968 1766 1009 1827 ad
1024 1767 1186 1838 eumdem,
1212 1766 1270 1828 sed
1294 1767 1496 1829 examinatio
1522 1767 1555 1829 et
1576 1767 1699 1830 decisio

906 1863 1099 1939 quaestionis
1113 1863 1155 1924 ad
1171 1879 1244 1925 ven.
1268 1863 1291 1924 l.
1308 1880 1341 1924 n.
1357 1865 1472 1926 Venet.
1496 1863 1699 1942 episcopum,

906 1961 939 2022 et
956 1959 1064 2036 ipsum
1091 1959 1251 2034 abbatem,
1264 1959 1432 2038 pertinent
1458 1960 1493 2022 in
1522 1962 1699 2022 communi.

906 2060 1077 2134 Quumque
1087 2057 1194 2120 felicis
1209 2059 1378 2120 memoriae
1390 2059 1601 2120 innocentius
1611 2062 1702 2136 Papa

905 2155 1131 2230 praedecessor
1155 2156 1279 2228 noster,
1299 2157 1521 2233 conquerente
1541 2157 1615 2233 ipso
1637 2157 1702 2218 ab·

904 2251 980 2315 bate
1012 2251 1098 2329 quod
1126 2252 1283 2330 praefatus
1311 2252 1485 2330 episcopus
1511 2269 1611 2330 super
1638 2253 1702 2318 hoc

904 2349 1110 2426 inquietabat
1124 2349 1400 2424 eumdem,vobis,
1416 2350 1458 2412 de
1470 2366 1609 2412 assensu
1623 2367 1703 2429 par-

905 2446 999 2520 tium,
1017 2445 1145 2510 dederit
1156 2448 1192 2510 in
1206 2448 1382 2520 mandatis,
1400 2447 1436 2510 ut
1449 2448 1576 2510 vocatis
1591 2449 1701 2525 parti-

904 2544 976 2617 buS,
994 2543 1026 2606 et
1038 2545 1160 2606 auditis
1172 2545 1252 2607 hinc
1265 2544 1343 2606 inde
1358 2545 1548 2622 propositis,
1566 2561 1701 2608 causam

905 2641 1116 2704 remitteretis
1125 2641 1165 2703 ad
1176 2643 1284 2718 ipsum
1294 2640 1701 2704 sufficienterinstruotam

906 2737 1011 2801 dictus
1025 2739 1197 2816 episcopus
1212 2754 1403 2816 processum
1417 2739 1566 2800 nostrum
1577 2739 1701 2801 diutius

905 2837 1087 2914 impedivit,
1115 2837 1290 2900 occasione
1314 2836 1486 2914 cujusdam
1514 2837 1699 2910 sententiae,

906 2951 978 3012 quae
989 2934 1293 3012 superquibusdam
1307 2933 1456 2996 ecclesiis
1472 2935 1579 3012 quoad
1594 2933 1702 3012 legem

905 3033 1058 3096 dioecasis
1086 3033 1213 3094 exstitit
1239 3030 1447 3110 promulgata
1483 3048 1543 3109 pro
1571 3032 1698 3096 eodem.

906 3131 998 3192 Unde
1011 3129 1168 3208 praelatus
1188 3129 1289 3192 abbas
1305 3128 1399 3192 nobis
1428 3128 1599 3192 humiliter
1621 3147 1702 3208 sup-

904 3229 1050 3308 plicavit,
1075 3229 1226 3304 utquam
1240 3225 1364 3300 citatl0,
1381 3243 1557 3288 causarum
1571 3229 1702 3289 exami-

904 3327 1008 3398 natio,
1024 3341 1065 3386 ac
1085 3323 1221 3396 decisio,
1238 3339 1278 3385 ac
1293 3322 1451 3395 emendae,
1467 3324 1508 3385 ad
1523 3324 1700 3402 legamin-

904 3421 1107 3486 risdictionis
1115 3421 1281 3500 periinere
1288 3417 1477 3494 noscantur,
1489 3436 1556 3483 non
1567 3421 1698 3483 sinere-

905 3697 1036 3755 distantia
1047 3694 1133 3752 hodia
1147 3691 1182 3752 ab
1190 3693 1260 3752 urbe
1272 3693 1347 3760 Solo,
1361 3693 1405 3751 vcl
1418 3693 1503 3762 Solci,
1517 3701 1635 3768 quaeest
1647 3709 1697 3752 an-

904 3770 983 3842 tiqua
998 3767 1081 3838 Sulci,
1096 3765 1133 3824 ad
1146 3766 1267 3825 Calarlm
1282 3765 1437 3824 civitatem.

940 3875 982 3949 (d)
995 3875 1129 3946 Episcopo
1143 3872 1298 3932 thoccost.
1311 3870 1444 3931 collectio
1454 3871 1641 3943 Raimundi,e
1662 3874 1699 3932 is-

904 3963 976 4020 copo
991 3945 1150 4018 Bajacensi,
1163 3945 1209 4000 vel
1219 3944 1401 4013 Brocensi‚ct
1411 3943 1613 4001 archidiacono
1669 3961 1698 4001 o·

905 4017 1087 4089 tomagensi:
1104 4031 1139 4072 cx
1158 4014 1247 4071 tribus
1262 4015 1339 4072 MSS.
1359 4029 1434 4070 nnus
1460 4013 1547 4071 hahet
1560 4015 1697 4085 Episcopo

903 4089 1011 4156 Ecotsi,
1028 4086 1101 4142 alius
1122 4085 1281 4153 brionensi,
1299 4084 1391 4153 malc;
1407 4084 1516 4152 tertius,
1539 4085 1694 4152 Erioccosi,

903 4163 928 4215 et
946 4157 1039 4214 abbati
1051 4157 1083 4211 dc
1099 4157 1257 4226 scopemyo
1277 4159 1303 4210 et
1314 4155 1512 4210 archidiacono
1526 4155 1695 4221 Recomcasi,

904 4297 1017 4356 abbatia
1043 4295 1182 4368 reperitur
1210 4295 1240 4350 in
1269 4291 1435 4366 provinciali
1458 4293 1536 4351 MSS.
1584 4297 1695 4351 uxensi.

903 4369 1091 4452 Episcopatus
1103 4363 1264 4423 Brlocensls
1273 4364 1477 4433 scirit-Bricca,
1491 4365 1695 4421 monasterium

903 4441 970 4496 olrrn
992 4441 1019 4496 S.
1035 4436 1137 4502 Brioci,
1153 4435 1182 4492 in
1199 4449 1255 4508 qno
1270 4435 1455 4502 Nomeneius,
1472 4434 1618 4494 Britonum
1638 4434 1696 4492 dnx

903 4517 1032 4582 tempora
1046 4507 1137 4567 Caroli
1147 4507 1235 4575 Calvi,
1250 4504 1348 4562 sedam
1361 4505 1553 4578 episcopalem
1569 4505 1692 4562 institui·

902 4587 979 4650 to,nt
989 4595 1025 4636 ex
1037 4578 1125 4636 veteri
1136 4577 1271 4646 indiculo,
1286 4576 1316 4632 in
1327 4575 1496 4632 bibliotheca
1510 4577 1537 4632 S.
1548 4574 1695 4634 llichaclin

904 4651 932 4708 ln
946 4651 1018 4708 mari
1029 4656 1149 4732 reperto,
1166 4649 1239 4704 eruit
1254 4645 1430 4704 sirmondus.
1439 4645 1695 4704 archidiaconatus

904 4717 1695 4790 llccomensrs,dubiumaninepiscopatubriocensl,vel

903 4791 1082 4860 Trecorensi,
1091 4787 1476 4859 bodleiastrtpaerptdatur
1486 4803 1590 4845 nomen
1602 4803 1664 4844 sum

903 4861 1026 4946 slssaab
1039 4861 1109 4922 urbe
1124 4862 1226 4929 homo,
1237 4861 1284 4917 vcl
1299 4863 1409 4918 ltoscon
1425 4859 1455 4916 in
1470 4874 1519 4917 ora
1535 4860 1622 4917 maris
1632 4803 1696 4921 Bis

903 4941 1021 4992 tannrcl.

939 5039 974 5110 (a)
992 5035 1158 5095 Monostcrii
1173 5035 1365 5094 Eetioocosis.
1379 5035 1550 5094 venetensis
1563 5034 1696 5093 dioecesis

903 5111 933 5168 in
945 5110 1023 5168 llSS.
1037 5115 1130 5178 recto;
1144 5107 1219 5164 male
1239 5105 1314 5178 apud
1335 5105 1526 5166 llaimundnm
1544 5106 1692 5163 ilottoma·

902 5181 1004 5254 nemu.
1021 5183 1053 5237 ln
1067 5177 1212 5236 Breviario
1232 5177 1408 5246 abbatiarum
1429 5178 1564 5244 Francia,
1583 5175 1694 5235 abbatia

904 5253 932 5310 S.
947 5250 1101 5308 salvatoris
1127 5249 1162 5306 de
1186 5247 1328 5318 Rothono,
1357 5246 1464 5306 ordinis
1488 5249 1516 5306 S.
1537 5247 1694 5320 Benedicti,

904 5321 1036 5381 dioecesis
1048 5321 1229 5390 venetensis,
1245 5319 1349 5390 Reios.
