4004 6302
25 253 29 404 l

175 401 229 534 ’,Ι
288 452 489 526 iudaeorum,
506 453 543 515 ut
557 467 670 516 amore
691 452 922 532 temporalium
937 449 1085 515 custodi·
1139 450 1224 516 datis
1248 453 1381 518 Domini
1411 453 1592 520 ambulare.
1618 458 1701 520 Ecce
1725 473 1807 540 aqua
1822 485 1829 540 ;
1844 466 1914 532 uide

289 291 347 354 707
755 292 932 355 HONORII
953 292 999 352 111
1015 290 1168 356 muna.
1185 321 1223 336 -
1240 291 1472 359 salimurius
1856 305 1911 380 m

1971 408 1973 444 l

288 549 364 610 rent
381 550 546 628 praecepta
565 552 649 626 ejus.
666 549 759 612 Unde
774 549 878 612 David
895 570 903 610 ε
919 549 1020 610 Dedit
1033 551 1084 610 eis
1138 552 1300 628 quomodo
1315 554 1527 617 eonvertatur
1546 556 1583 616 in
1605 554 1731 619 vinum.'
1747 562 1835 638 Aqua
1847 563 1909 641 sig.
1972 553 1973 560 ’

285 649 447 724 repicues
468 649 634 724 genitum,
662 649 698 710 et
719 649 853 710 iabores
874 653 1084 723 populorum
1137 647 1251 710 nificat
1283 651 1425 726 gratiam
1465 652 1609 728 Spiritus
1649 655 1769 718 Sancti.
1801 659 1909 724 Manna

197 797 200 802 .
285 746 522 822 possederunt,
547 747 587 807 ui
609 745 802 807 cusiodiunt
815 746 1083 817 justificationes
1138 745 1432 825 significatcorpus
1440 748 1574 812 Christi.
1582 751 1800 816 Dominusdat
1808 771 1912 834 aquam

287 846 373 916 ejus,
390 843 424 904 et
437 848 545 918 ieyeru
557 845 633 916 ejus
642 843 833 917 exquirant
848 839 917 922 (Ρε.
931 844 1001 915 101,
1014 841 1081 922 ii).
1137 842 1178 903 de
1191 846 1296 920 petra,
1311 844 1406 918 idest,
1420 845 1563 922 gratiam
1579 848 1722 925 Spiritus
1741 851 1846 915 Sancti
1859 857 1912 916 mi-

286 943 370 1004 Ecce
385 956 487 1019 aqua;
507 939 679 1002 videamus
693 939 855 1018 quomodo
871 940 1083 1002 convertatur
1136 939 1257 1002 nistrat
1269 941 1365 1003 nobis
1386 943 1426 1004 de
1440 944 1647 1021 plenitudine
1667 945 1727 1008 iiiii
1751 950 1812 1010 sui.
1832 952 1911 1015 Unde

285 1038 321 1100 in
335 1038 460 1099 vinum.
476 1040 635 1100 Dominus
650 1037 707 1100 dat
719 1037 815 1099 nobis
837 1037 969 1116 pluvias
992 1037 1080 1100 tem·
1135 1038 1281 1100 ioannes
1296 1055 1303 1094 τ
1320 1042 1370 1102 De
1385 1041 1599 1116 plenitudiue
1613 1046 1689 1116 ejus
1702 1059 1816 1108 omues
1831 1052 1911 1110 ceei-

284 1135 420 1213 poribus
429 1136 509 1210 suis,
520 1136 616 1210 idest,
625 1137 768 1214 gratiam
778 1135 1080 1199 etmisericordiam
1132 1137 1250 1210 piraeus
1273 1132 1384 1214 (Joan.
1404 1153 1429 1210 1,
1449 1137 1515 1218 16).
1537 1139 1601 1202 Dat
1622 1139 1723 1202 eiiam
1745 1157 1858 1205 manna
1878 1145 1912 1207 de

284 1235 319 1295 in
340 1236 489 1311 tempore
511 1235 730 1296 necessitatis.
756 1234 849 1296 Unde
870 1233 1048 1310 Apostolus
1071 1253 1079 1294 ε
1136 1232 1231 1304 coelo,
1244 1232 1320 1310 quia
1332 1249 1450 1312 corpus
1463 1251 1560 1298 suum
1575 1236 1632 1300 dat
1645 1238 1741 1300 nobis
1754 1240 1789 1301 in
1803 1241 1911 1316 cibum,

283 1335 457 1395 Adeamus
470 1348 549 1394 cum
567 1334 693 1404 fleureiu
713 1335 758 1393 ad
772 1333 934 1396 turonum
948 1334 1080 1408 gloriae,
1135 1329 1192 1406 qui
1210 1329 1378 1394 descendit
1394 1331 1435 1394 do
1450 1332 1546 1396 coelo.
1572 1333 1669 1396 Unde
1681 1335 1717 1397 in
1728 1338 1911 1414 Evangelio:

282 1431 322 1492 ui
346 1432 625 1492 misericordium
651 1443 913 1504 consequemur,
942 1430 978 1490 et
1003 1443 1082 1504 gru
1134 1429 1208 1504 ligo
1221 1442 1300 1490 sum
1309 1431 1414 1504 nanu
1432 1433 1532 1493 oiozcs
1546 1434 1606 1506 qui
1619 1435 1661 1494 dc
1674 1438 1754 1496 coeio
1771 1437 1913 1497 descerzdi

285 1527 372 1588 itone
403 1529 623 1589 inveniamus
654 1529 692 1588 in
726 1529 858 1589 uuoeiiio
890 1525 1081 1602 opportuno
1137 1521 1247 1603 (ioan.
1261 1541 1309 1596 vr,
1325 1523 1390 1606 51).
1405 1525 1486 1590 item
1500 1544 1625 1592 manna
1639 1529 1913 1607 siguificatdulce-

285 1619 400 1701 (liebr.
411 1638 459 1696 1v,
473 1622 537 1704 16).
549 1627 659 1686 Terra
665 1625 802 1699 profert
811 1638 956 1700 permen
966 1637 1078 1696 urum,
1135 1621 1257 1696 dinem,
1274 1623 1315 1685 de
1336 1639 1401 1702 qua
1419 1624 1501 1688 dicit
1514 1625 1619 1688 David
1644 1647 1652 1688 =
1673 1629 1780 1695 ouem
1801 1644 1913 1706 rupae

284 1721 381 1794 idest,
398 1721 510 1782 anima
530 1721 709 1796 cogitatum
724 1722 757 1783 et
771 1720 926 1782 affectum
944 1719 1079 1782 bonum.
1134 1719 1315 1784 multitudo
1327 1724 1514 1784 dulcedinis
1526 1723 1596 1785 tuce
1606 1721 1677 1803 (Ρε.
1690 1725 1741 1798 30,
1753 1722 1817 1805 20).
1830 1729 1912 1802 Aqua

282 1821 434 1881 Arbores
458 1819 639 1892 replentur
662 1821 792 1894 pomis,
815 1819 916 1892 idest,
941 1819 1080 1880 virtutes
1135 1817 1300 1893 significat
1318 1819 1451 1882 coeloste
1471 1819 1696 1897 refrigerium,
1713 1821 1753 1884 de
1771 1838 1831 1900 qno
1844 1823 1913 1885 dicit

284 1914 485 1979 iructiiicaut
498 1916 534 1976 in
550 1915 704 1992 operibus
723 1914 830 1978 bonis.
846 1916 991 1991 Auferet
1003 1931 1081 1978 ruu-
1134 1915 1238 1978 David
1256 1916 1292 1978 in
1307 1932 1450 1993 persona
1468 1919 1654 1996 Martyrum
1668 1940 1676 1982 ε
1689 1920 1846 1982 Eduubii
1857 1934 1912 1981 uos

283 2019 335 2077 ios
355 2015 490 2087 bestias,
510 2015 641 2091 quando
659 2013 826 2076 daemones
840 2014 947 2076 mittet
960 2013 996 2074 in
1010 2013 1081 2075 tar-
1134 2014 1171 2073 in
1184 2015 1413 2090 refrigerium
1427 2012 1496 2094 (Ps.
1512 2015 1563 2089 65,
1579 2014 1645 2097 12).

282 2111 403 2172 tarum.
427 2114 576 2184 Gladius,
599 2110 685 2174 idest
705 2127 806 2185 mors,
829 2125 897 2174 riou
919 2107 1080 2173 ireusibit
1174 2109 1275 2173 Sexta
1298 2111 1417 2189 hydria
1430 2115 1648 2186 judiciorum
1663 2112 1727 2184 est,
1741 2111 1822 2176 sicin
1837 2112 1909 2174 iliud

285 2209 453 2271 terminos
466 2209 615 2281 nostros,
628 2209 705 2287 quia
716 2208 892 2285 glorificati
904 2209 940 2269 in
954 2207 1079 2270 aeterna
1133 2207 1220 2285 quod
1245 2208 1403 2275 Dominus
1428 2209 1608 2274 submersit
1621 2211 1825 2274 Pharaonem
1846 2225 1909 2271 cum

226 2287 230 2368 J
282 2306 393 2384 patria
412 2307 551 2368 moriem
566 2305 626 2367 sub
641 2306 779 2385 pedibus
798 2305 1076 2369 conculcabimus.
1133 2305 1282 2369 exercitu
1303 2323 1364 2369 suo
1378 2308 1413 2368 in
1432 2306 1518 2370 mari
1538 2307 1653 2382 rubro,
1676 2309 1713 2370 in
1734 2324 1797 2387 quo
1818 2306 1911 2370 voluit

324 2402 447 2475 Quarta
472 2403 591 2482 hydria
615 2405 902 2474 comminationis,
924 2404 1012 2467 sieut
1028 2405 1080 2466 θεῖ
1132 2404 1290 2466 Dominus
1316 2405 1492 2468 ostendere
1517 2407 1640 2485 populo
1667 2422 1738 2480 suo,
1763 2403 1908 2484 quomodo

282 2500 365 2562 illud
390 2501 426 2562 in
448 2502 523 2578 iege
545 2502 653 2580 Moysi
672 2523 680 2562 ε
702 2503 741 2564 Si
760 2503 966 2578 spreveritis
988 2506 1079 2579 tapes
1132 2517 1189 2562 eos
1219 2517 1350 2580 semper
1379 2503 1533 2578 salvaret,
1563 2505 1597 2567 et
1623 2503 1776 2567 inimicos
1805 2519 1905 2566 eorum

281 2611 391 2672 meus,
406 2601 552 2662 visitabo
569 2614 630 2662 vos
648 2601 809 2662 ouociier
822 2603 860 2662 iu
873 2601 1024 2678 epestute
1045 2600 1079 2662 ei
1132 2598 1326 2664 destrueret.
1349 2603 1433 2664 bioca
1454 2618 1558 2680 aqua,
1571 2602 1649 2665 vide
1670 2603 1827 2681 quomodo
1841 2618 1910 2664 cou-

282 2699 409 2758 ardore
423 2701 482 2772 oui
496 2698 654 2770 confluat
669 2701 780 2760 nouus
794 2697 940 2771 vestros,
952 2699 986 2761 et
996 2712 1079 2760 cou-
1131 2696 1281 2761 vertatur
1293 2699 1330 2760 iu
1343 2699 1468 2762 vinum.
1490 2701 1583 2763 Mare
1602 2700 1740 2762 rubrum
1760 2698 1909 2776 significat

279 2794 396 2856 sumat
421 2798 559 2857 animus
579 2795 716 2857 vestras
743 2792 862 2874 (Lavit.
889 2811 983 2869 xxvi,
1011 2794 1075 2875 16).
1131 2793 1332 2872 baptismum
1353 2797 1388 2858 in
1403 2813 1467 2875 quo
1482 2800 1570 2859 Deus
1584 2797 1763 2860 submersit
1774 2797 1907 2860 Pharao-

281 2891 443 2954 Dominus
461 2891 724 2954 comminabatur
738 2893 858 2970 populo
873 2895 891 2955 J
894 2895 1075 2967 udaeorum,
1131 2909 1207 2954 nem
1222 2909 1296 2955 cum
1311 2895 1459 2957 exercitu
1472 2911 1545 2966 suo,
1557 2895 1658 2970 idest,
1672 2893 1832 2958 diabolum
1844 2907 1907 2954 cum

280 2989 318 3050 ut
349 2990 468 3051 saltem
494 2991 613 3053 timore
640 2990 754 3053 servili
777 3007 844 3053 non
870 2989 1077 3076 discederent
1130 2990 1221 3052 vitiis
1244 2992 1277 3053 et
1297 2991 1453 3068 peccatis.
1468 2991 1530 3054 Vel
1551 3007 1645 3054 mare
1660 2991 1794 3054 rubrum
1813 2989 1907 3068 potest

281 3100 301 3146 a
322 3087 488 3148 mandatis
509 3087 624 3164 ipsius.
651 3090 736 3150 Ecce
762 3104 869 3166 aqua3
890 3088 967 3152 vide
988 3105 1074 3167 quo·
1131 3088 1320 3164 significare
1335 3089 1518 3152 extremum
1535 3089 1702 3166 judicium
1718 3089 1752 3152 in
1766 3104 1826 3168 quo
1839 3085 1908 3147 sub-

280 3183 377 3246 modo
400 3185 612 3247 convertatur
634 3185 670 3247 in
690 3185 815 3247 vinum.
840 3189 977 3262 Egestas
991 3189 1077 3250 tem·
1130 3187 1301 3248 vertentur
1331 3185 1481 3264 AEgyptii
1506 3203 1582 3249 cum
1609 3189 1795 3260 Pharaone,
1820 3183 1905 3256 idest,

226 3317 230 3330 .
279 3282 405 3359 poralis
429 3282 597 3359 significat
619 3283 827 3359 spiritualem
850 3284 888 3346 et'
904 3285 1073 3347 aeternam.
1130 3299 1243 3346 omnes
1256 3284 1404 3361 perversi
1417 3300 1492 3346 cum
1506 3285 1643 3364 antiquo
1658 3285 1764 3349 hoste.

226 3379 229 3391 '
280 3378 470 3457 spiritualis
496 3381 626 3456 egestas
649 3382 701 3443 est
727 3397 801 3460 quae
825 3381 932 3444 estin
956 3383 1076 3462 spiritu
1168 3381 1292 3444 Aliter:
1306 3383 1372 3444 Sex
1384 3381 1511 3459 hydriae
1522 3383 1617 3445 erant
1631 3382 1749 3461 posita
1763 3379 1904 3442 iniihana

278 3474 435 3551 hominis,
453 3479 583 3556 quando
595 3479 751 3542 videlicet
764 3496 892 3558 pauper
905 3482 956 3543 est
970 3480 1074 3558 spiri·
1129 3478 1276 3552 dalilam,
1293 3494 1352 3556 per
1366 3494 1448 3558 quas
1463 3479 1651 3556 intelligere
1667 3493 1835 3559 possumus
1854 3487 1906 3535 sex

277 3575 424 3638 tualibus
440 3576 547 3638 donis.
565 3578 658 3639 Unde
674 3577 830 3641 Salomon
847 3599 854 3640 ε
871 3579 934 3645 Oui
948 3579 1075 3641 iridecii
1129 3575 1358 3638 observantias
1372 3577 1479 3638 servis
1499 3577 1560 3638 Dei
1581 3577 1778 3656 propositas,
1793 3574 1825 3634 in
1838 3570 1904 3649 qui-

275 3675 368 3745 sunt,
386 3677 423 3735 in
436 3677 550 3736 cordis
569 3675 720 3751 egestate
739 3677 938 3738 morientur
958 3673 1072 3754 (Prov.
1128 3672 1189 3734 bus
1203 3675 1360 3751 tanquam
1372 3676 1391 3736 J
1394 3673 1479 3735 udaei
1489 3673 1663 3751 purificari
1675 3674 1820 3738 debeant.
1833 3665 1904 3732 Sunt

276 3784 312 3842 x,
334 3767 400 3850 21).
422 3770 563 3832 AEterua
591 3773 721 3846 egestas
751 3772 802 3833 θεῖ
831 3788 905 3848 quae
933 3771 1075 3833 insertur
1129 3772 1238 3833 autem
1254 3769 1327 3833 isca
1345 3793 1352 3832 ι
1370 3771 1556 3844 Silentium,
1572 3771 1768 3849 psalmodia,
1783 3765 1903 3845 vigilie,

277 3867 443 3929 damnatis
468 3867 505 3928 in
527 3865 670 3941 interno,
689 3868 776 3930 sicui
791 3867 854 3931 iuit
877 3869 1008 3945 egestas
1022 3868 1075 3930 di-
1123 3867 1265 3946 jejunia,
1290 3883 1392 3946 opera
1416 3883 1584 3942 manuum,
1612 3868 1724 3932 carnis
1748 3862 1902 3931 munditia.

276 3965 367 4038 vitis,
381 3965 439 4043 qui
467 3980 534 4026 non
561 3965 668 4043 potuit
691 3963 815 4028 habere
838 3967 964 4043 guttam
979 3981 1073 4045 aquae
1167 3968 1205 4027 ln
1224 3965 1343 4043 hydria
1364 3966 1490 4029 silentii
1509 3965 1760 4045 purificamura
1777 3958 1904 4042 peccatis

276 4061 517 4140 refrigerantis.
535 4062 643 4125 Ardor
669 4063 757 4125 alius
787 4064 838 4126 est
868 4064 1071 4142 temporalis,
1128 4079 1201 4142 quae
1223 4061 1422 4125 verbositate
1455 4064 1702 4139 contraximus,
1728 4066 1819 4141 cujus
1841 4053 1902 4118 vitii

277 4161 365 4224 alius
386 4161 567 4224 aeternalis.
586 4161 695 4224 Ardor
708 4162 901 4239 temporalis
916 4163 966 4224 θεῖ
980 4161 1074 4225 dolor
1128 4161 1201 4224 octo
1221 4160 1298 4222 sunt
1312 4161 1439 4238 species
1451 4181 1460 4237 ;
1473 4161 1606 4223 scilicet
1618 4162 1756 4226 verbum
1770 4155 1901 4223 scutum.

276 4261 316 4324 de
338 4261 450 4339 aliquo
471 4259 689 4322 incommodo.
706 4259 813 4322 Ardor
834 4260 1002 4322 aeternalis
1024 4260 1074 4323 est
1128 4258 1281 4328 mendax,
1297 4274 1430 4330 vanum,
1457 4257 1609 4332 otiosum,
1633 4259 1794 4330 dolosum,
1813 4250 1906 4316 male·

276 4359 365 4437 ignis
380 4357 656 4436 inextinguibilis.
669 4357 774 4434 Igitur
787 4359 946 4420 Dominus
960 4358 1074 4421 visitat
1128 4355 1249 4428 dicum,
1266 4354 1480 4431 impudicum,
1501 4357 1760 4418 excusatorium.
1779 4348 1902 4416 Stultum

275 4457 436 4520 velociter
447 4457 483 4517 in
498 4456 644 4532 egestate
656 4455 903 4518 contemnentes
917 4455 1073 4517 mandata
1127 4452 1263 4542 verbum
1278 4451 1426 4529 estquod
1437 4467 1496 4528 per
1508 4452 1731 4529 ignorantiam
1743 4445 1902 4530 profertur.

277 4571 350 4629 sua,
364 4555 442 4634 quia
463 4553 560 4616 modo
581 4568 647 4615 non
667 4553 724 4615 dat
742 4553 791 4615 eis
805 4553 947 4629 gratiam
966 4554 1072 4631 spiri·
1127 4565 1193 4611 non
1207 4565 1354 4626 congruo
1368 4551 1517 4626 tempore
1531 4550 1589 4612 aut
1602 4550 1687 4615 loco.
1706 4549 1797 4614 Unde
1817 4541 1902 4606 salo-

275 4653 412 4724 tuaiem,
421 4654 454 4716 et
463 4653 499 4714 in
509 4652 620 4714 futuro
628 4649 799 4713 subtrahet
808 4650 1073 4713 misericordiam
1127 4663 1232 4708 mou:
1264 4651 1409 4722 Tempus
1435 4651 1594 4722 morundi
1625 4649 1658 4710 et
1695 4650 1824 4722 tempus
1854 4639 1902 4699 id·

277 4751 479 4824 aeternalem,
495 4751 531 4812 ut
545 4764 611 4811 non
626 4747 800 4810 inveniant
810 4747 1023 4825 refrigerium
1036 4748 1071 4808 in
1126 4746 1224 4805 madi
1246 4740 1346 4822 (licei.
1374 4758 1425 4816 111,
1450 4743 1496 4823 2).
1527 4745 1567 4807 m
1591 4745 1759 4825 Propheta
1781 4764 1788 4804 :
1819 4733 1901 4802 Diui,

275 4847 460 4919 tormentis,
477 4845 534 4924 qui
549 4846 728 4908 noluerunt
740 4844 835 4906 subdi
851 4847 918 4908 Deo
937 4847 973 4907 in
993 4860 1073 4924 ope·
1126 4841 1316 4903 aristodium
1356 4844 1432 4902 oircs
1470 4857 1583 4915 meas,
1623 4844 1662 4905 ut
1700 4858 1768 4906 uou
1805 4836 1901 4900 deliu-

277 4945 369 5006 ribus
380 4943 489 5005 bonis.
501 4944 621 5005 Visiiat
633 4943 733 5004 etiam
748 4944 782 5004 in
797 4943 928 5017 ardore,
940 4945 1072 5022 replens
1126 4953 1231 5012 picam
1263 4939 1300 5014 iri
1331 4938 1449 5012 lingua
1480 4953 1559 5002 uteo
1595 4937 1669 5020 (Ρε.
1698 4943 1749 5013 38,
1776 4933 1821 5016 2).
1854 4931 1902 4991 Vir

277 5041 406 5103 animas
423 5038 587 5100 malorum
601 5039 726 5112 dolore,
749 5041 783 5102 et
796 5040 910 5117 postea
933 5057 1073 5103 succan·
1126 5039 1300 5111 linguosus
1336 5047 1405 5095 uon
1442 5036 1616 5113 dirivetur
1649 5053 1757 5113 supra
1785 5035 1901 5096 terrem

276 5140 358 5202 dens
369 5141 492 5201 aeterno
503 5135 591 5213 igne.
1127 5130 1196 5212 (Ps.
1214 5132 1282 5204 139,
1300 5128 1364 5210 12),
1382 5132 1415 5194 et
1428 5131 1509 5193 alibi
1531 5139 1650 5198 :Pone
1663 5135 1843 5198 animum
1856 5122 1901 5185 eti

316 5237 437 5311 Quinta
452 5234 571 5314 hydria
587 5232 638 5297 est
653 5233 907 5307 beneficiorum,
921 5233 1007 5297 sicut
1021 5237 1072 5298 esi
1125 5244 1250 5292 meo...
1268 5245 1296 5290 c.
1321 5226 1391 5307 (Ps.
1419 5231 1489 5302 140,
1503 5228 1549 5311 3).
1572 5217 1792 5308 iiye'ronimus
1809 5219 1898 5324 dicits

275 5335 358 5400 illud
371 5333 457 5414 quod
470 5332 628 5395 Dominus
648 5331 738 5394 dedit
756 5331 883 5395 iudaeis
895 5346 1017 5393 manua
1032 5331 1071 5394 de
1126 5344 1145 5388 c
1170 5325 1343 5404 Sapientes
1365 5328 1442 5389 sunt
1460 5328 1517 5405 qui
1533 5328 1641 5392 sciant
1662 5327 1790 5409 quando
1810 5325 1839 5388 et
1854 5330 1899 5379 0111

276 5435 371 5508 coelo,
395 5433 429 5495 et
450 5447 570 5510 aquam
594 5429 750 5508 produxit
772 5429 814 5492 de
834 5429 939 5508 petra.
959 5428 1073 5493 Voluit
1128 5423 1271 5486 debeant
1306 5423 1455 5500 prolerre
1488 5441 1683 5490 sermonem.
1718 5445 1737 5488 s
1770 5423 1898 5487 Otiosum

276 5534 365 5596 enim
380 5529 539 5593 Dominus
563 5528 685 5606 populo
700 5541 760 5589 suo
775 5525 884 5588 cibum
906 5527 939 5588 et
958 5529 1071 5604 potum
1125 5521 1262 5584 verbum
1274 5523 1325 5583 est
1339 5521 1425 5599 quod
1440 5523 1567 5600 pondus
1579 5538 1646 5585 non
1661 5524 1768 5594 habet,
1780 5518 1829 5582 vel
1843 5511 1898 5575 uti-

275 5632 433 5702 iribnere,
454 5628 490 5691 ut
512 5642 556 5689 ex
574 5623 747 5688 beneflciis
768 5622 910 5687 disceret
923 5623 959 5686 in
972 5641 1070 5688 man·
1126 5618 1239 5690 litatis,
1254 5619 1306 5706 vel
1317 5621 1417 5696 justa
1432 5621 1573 5700 alicujus
1587 5621 1803 5686 necessitatis.
1821 5608 1898 5676 Unde
