4004 6302
1665 399 1725 462 810

81 407 139 470 809
296 402 640 479 QUADRAGESIEAE
660 401 917 466 HEBDOMADA
940 399 1121 479 QUARTA.
1137 434 1175 450 -
1191 405 1316 468 unum
1338 405 1508 476 QUINTA.

78 576 130 638 ,tos
140 577 253 628 meas
268 565 423 628 etvectes
442 567 578 639 terreos
602 566 770 643 consreptt
797 561 866 644 (Pe.
923 564 985 626 tris
1008 580 1093 626 suae.
1116 565 1163 627 De
1187 563 1252 626 bac
1272 562 1407 627 civitate
1429 563 1526 625 toties
1548 559 1722 624 defunctus

83 663 142 734 106,
157 660 222 741 16).
239 664 349 724 Portae
364 677 460 724 oereae
473 662 632 724 dicuntur
651 663 734 724 vitia
746 662 780 724 et
790 677 871 739 pec·
925 661 1073 734 effertur,
1089 662 1217 739 quoties
1232 661 1354 739 aliquis
1379 677 1438 738 per
1451 677 1488 722 os
1502 660 1723 722 criminaliter

82 761 157 832 cata,
173 759 255 836 quia
268 760 353 821 sicut
374 761 478 836 portae
500 775 596 821 aereae
618 761 696 821 sunt
713 757 804 821 durae
828 758 869 820 ad
925 761 1049 837 peccat.
1067 759 1130 823 Sed
1145 759 1175 820 si
1189 759 1348 820 Dominus
1362 761 1460 821 Jesus
1478 755 1723 835 appropinquat

81 857 304 931 frangendum,
321 857 368 918 ita
382 856 464 918 vitia
479 857 513 918 et
532 857 667 934 peccata
686 857 870 918 inveterata
925 856 1028 933 portae
1041 856 1185 917 civitatis
1195 857 1374 917 suscitatur
1387 855 1570 917 defunctus.
1585 855 1724 916 Detuno

80 953 110 1015 in
123 952 258 1014 homine
272 953 348 1016 sunt
361 954 443 1015 dura
458 954 498 1016 ad
510 954 758 1016 removendum.
777 943 892 1017 Unde'
925 953 1046 1040 tusest,
1056 953 1192 1029 spiritus
1205 952 1349 1013 bominis
1360 953 1395 1012 in
1406 953 1550 1028 peccatis
1560 953 1720 1013 mortuus.

79 1051 260 1112 ieremias:
288 1055 388 1114 Dara
417 1052 510 1126 sacta
533 1051 615 1112 cent
637 1051 778 1127 peccata
811 1052 871 1114 tua
925 1050 1083 1112 Dominus
1096 1053 1193 1113 Jesus
1208 1049 1259 1110 eet
1272 1050 1397 1112 veritas
1412 1049 1722 1126 quiappropinquat

78 1147 152 1223 (ter.
168 1163 254 1220 m,
273 1145 337 1228 11)
353 1147 416 1210 Sed
432 1147 589 1210 Dominus
604 1148 747 1210 cenarit
759 1149 869 1226 portas
925 1146 1027 1236 portae
1042 1145 1196 1207 civitatis.
1223 1145 1259 1205 Si
1283 1145 1328 1206 sit
1346 1145 1470 1206 veritas
1486 1145 1519 1206 in
1535 1159 1592 1206 ore
1607 1145 1721 1206 nostro

78 1259 189 1313 aereas,
203 1245 338 1322 quando
361 1245 502 1308 destruit
521 1245 603 1308 vitia
617 1245 651 1308 et
664 1245 799 1323 peccata
811 1245 868 1306 in·
925 1258 984 1320 pro
1007 1243 1164 1316 salsitate,
1188 1242 1375 1304 benedictio
1397 1258 1456 1320 pro
1476 1242 1720 1304 maledictione.

79 1342 218 1404 veterata
229 1341 267 1402 in
280 1341 425 1404 bomine.

112 1439 190 1500 Item
205 1455 214 1500 ε
232 1442 321 1501 Cam
338 1440 633 1515 appropinquaret
648 1439 761 1516 porta
785 1441 871 1501 ctet-

80 1535 163 1598 tate.
178 1537 335 1614 Quinque
350 1537 428 1599 sunt
445 1539 549 1614 portae
568 1538 690 1600 nosue
712 1537 867 1608 civitatis,

79 1632 164 1704 idest,
178 1634 328 1712 quinque
346 1649 464 1696 sensus
482 1635 656 1712 corporis:
680 1635 792 1706 Visus,
809 1649 871 1696 au-

79 1729 169 1800 ditus,
176 1732 308 1807 gastun,
316 1730 482 1804 odoratus,
489 1731 608 1794 tactus.
618 1732 658 1794 Et
666 1747 780 1793 omnes
793 1731 871 1792 sunt

77 1828 210 1903 geminae
231 1829 350 1905 poeitae
363 1828 441 1890 hinc
459 1829 493 1890 et
512 1828 602 1890 inde.
616 1829 701 1890 Nam
714 1829 779 1890 duo
793 1831 873 1894 sunt

79 1924 217 1986 oculiad
236 1925 428 1995 videndum,
452 1927 527 1988 duae
550 1941 649 1987 aures
673 1925 715 1987 ad
729 1926 871 1987 audien-

77 2021 157 2094 dum,
173 2023 251 2084 duae
264 2038 363 2084 nares
385 2023 426 2084 ad
448 2021 682 2095 olfaciendum,
699 2022 772 2084 duae
787 2039 869 2100 par-

79 2119 123 2178 les
135 2119 174 2180 ad
190 2119 404 2195 gustandum,
419 2119 583 2192 uidelicet,
601 2120 755 2197 superior
770 2122 804 2182 et
816 2121 871 2182 in-

78 2214 184 2288 terior,
200 2217 278 2278 duae
291 2233 408 2278 manus
423 2216 464 2278 ad
476 2217 688 2294 tangendum.

111 2315 188 2374 Cum
206 2315 320 2376 autem
347 2315 414 2376 sint
433 2315 578 2393 quinque
600 2317 714 2392 porta,
739 2314 779 2378 de
803 2331 869 2379 una

78 2408 140 2470 sola
165 2411 230 2472 boc
251 2410 326 2474 loco
347 2411 426 2473 lecit
448 2413 660 2486 mentionem,
680 2429 779 2492 quam
794 2429 869 2476 esse

79 2508 147 2581 puto
160 2509 307 2583 gustum.
324 2509 409 2571 Nam
430 2525 489 2587 per
506 2511 592 2572 hanc
604 2511 732 2589 portam
748 2511 870 2573 multo-

80 2603 135 2663 ties
157 2604 299 2668 effertur
330 2607 491 2680 mortuus,
521 2607 598 2686 quia
628 2623 688 2686 per
721 2610 867 2685 gustum,

79 2700 142 2762 sire
161 2718 221 2778 per
248 2717 296 2775 os,
311 2703 538 2782 multipliciter
552 2706 666 2782 peccat
680 2706 788 2766 omnis
806 2705 869 2766 ho-

79 2811 126 2858 mo
136 2800 267 2862 virens.
281 2801 369 2862 Nam
384 2817 485 2878 quum
497 2801 579 2864 dicit
597 2803 752 2864 Salomon
770 2805 870 2864 :Orn-

78 2897 126 2956 ntr
137 2900 239 2959 arbor
249 2901 399 2960 amatote
412 2903 450 2960 tn
464 2913 525 2961 ore
536 2903 612 2972 ejas
627 2899 746 2974 (Eccle.
761 2915 806 2972 vr,
822 2899 866 2980 7),

78 2989 162 3064 idest,
180 2994 292 3055 omnis
303 2993 398 3056 labor
407 2995 551 3057 bominis
561 2996 603 3056 ad
615 2996 790 3069 bocttt,.ut
800 2997 867 3058 im·

78 3087 197 3164 pleatur
211 3107 253 3153 os
278 3094 361 3168 ejus,
381 3093 415 3154 et
435 3092 619 3156 satisfaciat
638 3095 737 3170 putee.
760 3094 870 3156 Mani·

78 3185 153 3248 testo
175 3189 363 3265 pessimum
386 3190 509 3251 malum
538 3193 589 3254 est
617 3193 752 3271 propter
774 3208 811 3254 os
836 3193 869 3254 et

80 3284 181 3358 adam
214 3286 308 3347 omni
349 3287 494 3364 tempore
529 3287 692 3361 laborare,
709 3290 742 3352 et
769 3305 870 3366 prop-

78 3381 122 3440 ter
146 3385 255 3445 Deum
282 3383 367 3444 nibil
397 3384 482 3446 velle
517 3400 627 3461 agere.
657 3385 751 3448 Unde
779 3386 867 3462 legi-

78 3491 141 3538 mus
165 3480 201 3540 in
228 3480 374 3543 teremia
401 3482 488 3558 quod
521 3486 684 3557 princeps
708 3498 869 3546 weuram

77 3576 248 3638 destruant
259 3593 379 3640 maros
398 3581 605 3642 Jerusalem.
631 3579 793 3656 Princeps
806 3595 867 3642 co·

77 3685 180 3734 corum
197 3675 254 3736 est
273 3676 400 3748 venter,
423 3677 501 3752 quia
523 3675 575 3737 illi
594 3676 784 3740 ministrant
796 3692 869 3739 om-

77 3782 127 3830 nes
139 3772 225 3833 coci.
240 3771 426 3834 Jerusalem
448 3775 499 3835 est
517 3774 625 3835 tidelis
641 3775 763 3836 anima.
775 3775 867 3836 -Muri

77 3869 146 3928 sunt
157 3869 314 3930 virtutes.
329 3873 499 3944 Praeceps
512 3886 672 3933 cocorant
690 3873 868 3935 cesarano

76 3977 186 4028 maros
212 3969 418 4038 Jerusalem,
442 3968 521 4044 quia
545 3971 773 4045 pervenirem
797 3970 869 4031 des·

76 4061 227 4125 iniuntur
245 4078 359 4126 omnes
373 4065 522 4127 virtutes.
550 4065 644 4127 Unde
664 4066 700 4126 in
715 4069 869 4142 Evange-

78 4155 130 4218 lio:
145 4161 333 4235 Attendite,
352 4175 395 4222 ne
415 4163 609 4236 precentur
625 4167 730 4226 corda
749 4165 868 4226 vestra

77 4255 107 4315 in
119 4263 263 4331 crapola
276 4259 311 4320 et
320 4259 486 4320 ebrtetate
499 4256 593 4338 (Luc.
609 4275 680 4331 111,
696 4261 758 4336 34).

110 4355 291 4416 Peccamus
312 4356 413 4418 etiam
441 4371 501 4432 per
526 4371 575 4428 os,
607 4357 735 4420 occulte
753 4356 890 4420 detra-'

924 1339 997 1401 laus
1021 1341 1165 1418 proximi
1192 1357 1252 1418 pro
1276 1340 1490 1412 detractione,
1519 1339 1720 1402 abstinentia

924 1452 984 1514 pro
1006 1437 1194 1513 gulositate,
1230 1438 1450 1500 resuscitatur
1483 1437 1570 1498 illius
1601 1437 1720 1498 unicus

924 1534 1133 1597 matrissuae.
1149 1536 1257 1597 Mater
1266 1535 1488 1609 estEcclesia;
1501 1533 1590 1595 lilius
1602 1535 1721 1596 unicus

923 1632 1040 1694 matris
1055 1633 1105 1694 est
1119 1631 1258 1709 quilibet
1271 1632 1397 1694 electus
1411 1632 1468 1709 qui
1484 1633 1596 1694 servat
1610 1633 1722 1694 unita·-

923 1729 989 1791 tem
1003 1729 1158 1806 Spiritus,
1182 1729 1279 1801 idest,
1303 1728 1515 1790 concordiam
1535 1729 1718 1790 charitatis.

924 1825 1057 1889 Talibus
1073 1841 1214 1904 namque
1227 1825 1308 1887 dicit
1315 1825 1492 1902 Apostolus
1509 1847 1518 1886 ε
1533 1826 1722 1888 Servantur

923 1923 1093 1986 unitatem
1114 1923 1266 1998 speratae
1288 1927 1325 1985 tn
1349 1926 1482 1986 etrusco
1500 1925 1598 1998 poce
1622 1921 1718 2002 (pr.

923 2035 969 2093 rr,
986 2019 1029 2095 3).

963 2120 1003 2182 Et
1026 2119 1098 2181 baec
1121 2119 1220 2182 vidua
1245 2121 1318 2182 erat
1320 2163 1379 2182 .....
1395 2118 1504 2182 Vidua
1526 2118 1648 2179 dicitur
1662 2115 1717 2177 di-

923 2215 998 2278 visa
1029 2232 1050 2278 a
1082 2219 1166 2290 viro,
1200 2220 1357 2296 quoniam
1385 2217 1497 2279 anima
1524 2215 1719 2278 dividitura

923 2314 1718 2393 Deo,relabEcclesiaperexcommunicationem,

922 2411 1732 2490 relperaliacriminalia.Perencommunicatio·v

924 2525 999 2571 nem
1012 2510 1133 2588 aliquis
1158 2512 1333 2588 separatur
1351 2509 1392 2570 ab
1412 2508 1573 2582 Ecclesia,
1588 2508 1720 2586 quando

923 2606 1229 2669 excommunicatur
1257 2607 1384 2684 judicio
1414 2606 1633 2668 sacerdotum.
1658 2605 1721 2678 Qui

923 2705 1013 2767 enim
1033 2705 1340 2767 excommunicatur
1360 2705 1450 2765 recto
1469 2702 1608 2780 jndicio,
1634 2702 1721 2765 siout

923 2804 1099 2880 separatur
1111 2801 1153 2863 ab
1164 2803 1314 2864 oratione
1328 2801 1485 2864 Ecclesia
1499 2799 1715 2877 inpraesenti,

924 2899 969 2962 ita
993 2899 1202 2976 separabitur
1227 2900 1263 2961 in
1288 2899 1399 2961 tuturo
1424 2897 1718 2974 agloritlcatione,

923 3013 997 3075 quae
1010 2997 1142 3059 dabitur
1163 2997 1288 3058 sanctis
1311 2995 1382 3058 Dei.
1400 2995 1493 3057 Unde
1508 2995 1593 3057 dixit
1606 2993 1721 3056 Domi-

922 3109 986 3155 nus
1010 3093 1051 3156 ad
1073 3097 1234 3172 Moysen:
1255 3096 1413 3170 Proetpe
1435 3095 1516 3168 filiis
1532 3096 1653 3164 Israel,
1680 3092 1719 3152 at

922 3194 1062 3265 atatam
1074 3195 1115 3256 de
1127 3193 1253 3254 castris
1270 3206 1407 3253 omnem
1417 3196 1592 3266 leprosum
1605 3187 1717 3267 (Num.

922 3306 956 3364 v,
967 3289 1014 3368 2).
1026 3289 1164 3366 Leprosi
1176 3291 1252 3351 sunt
1260 3289 1420 3351 baeretici.
1431 3287 1513 3360 Quia
1521 3287 1724 3363 sicutlepro·

923 3403 980 3448 sus
1001 3387 1244 3449 contaminatus
1263 3387 1314 3448 est
1334 3386 1475 3447 dirersis
1495 3385 1648 3462 pustulis,
1664 3381 1717 3444 vel

923 3483 1102 3556 ulceribus,
1116 3485 1162 3544 ite
1178 3484 1242 3560 ipsi
1257 3483 1476 3545 contaminati
1487 3483 1564 3543 sunt
1578 3481 1719 3542 diversis

922 3581 1092 3643 erroribus
1106 3581 1159 3642 vel
1173 3580 1418 3651 criminibus,et
1429 3579 1504 3641 ideo
1518 3578 1596 3640 sunt
1609 3593 1631 3638 a
1644 3593 1720 3638 cas·

921 3679 983 3740 tris
998 3678 1164 3756 ejiciendi,
1181 3677 1279 3751 idest,
1298 3678 1339 3739 ab
1361 3677 1511 3739 Ecclesia
1529 3674 1718 3753 separandi.
1765 3727 1769 3734 .

963 3775 1097 3837 Duobus
1119 3776 1219 3837 etiam
1240 3774 1346 3837 modis
1362 3779 1537 3852 separatur
1557 3772 1655 3835 homo
1677 3773 1719 3834 ab

923 3873 1071 3935 Ecclesia
1088 3895 1096 3932 ι
1113 3889 1172 3949 per
1186 3873 1384 3935 sententiam
1405 3871 1724 3934 excommunicatio·

921 3969 1722 4047 nis,etper-veritatemdenunciationisrersen·

922 4068 1059 4130 tentiam
1094 4065 1460 4136 excommunicationis,
1484 4065 1561 4142 quia
1590 4063 1722 4140 qnando

922 4163 1076 4242 peccator
1097 4161 1413 4234 excommunicatur,
1435 4162 1533 4237 quasi
1559 4160 1674 4222 lolium
1700 4175 1720 4223 a

921 4277 1029 4324 messe
1038 4261 1170 4322 Domini
1184 4259 1369 4336 separatur,
1382 4259 1415 4320 et
1425 4257 1565 4319 traditur
1575 4253 1719 4320 diabolo.
1785 4291 1787 4296 ·

923 4358 1016 4422 Unde
1030 4356 1206 4435 Apostolus
1223 4377 1231 4417 ι
1246 4358 1405 4418 Jndtcavt
1432 4355 1571 4417 tradere
1594 4357 1719 4426 hwar-

77 4447 194 4526 bendo;
208 4452 295 4514 unde
311 4453 489 4515 Salomon:
505 4456 710 4517 Simordeot
722 4469 867 4530 serpens
921 4460 1013 4519 modi
1027 4453 1717 4525 bominemSatanaetninteritantcarntu,

76 4547 261 4621 trteitentio,
275 4553 360 4612 nibil
371 4564 411 4612 eo
424 4554 541 4613 mtnae
554 4553 655 4614 nocet
669 4556 727 4626 qni
740 4553 866 4616 occmte
921 4555 959 4615 ut
972 4553 1118 4630 spirttns
1140 4557 1256 4614 salvus
1270 4551 1317 4612 sit
1328 4554 1366 4612 tn
1379 4553 1435 4612 dte
1447 4552 1587 4611 Domini
1606 4550 1719 4611 nostrt

76 4645 219 4710 detrabit
235 4645 336 4725 (Eccl.
364 4663 398 4719 x,
425 4646 488 4726 11).
508 4649 609 4719 Quasi
633 4648 757 4711 diceret
773 4671 781 4708 ε
798 4652 866 4712 De·
920 4653 1003 4712 Jesn
1029 4650 1156 4712 aaron
1182 4647 1212 4727 (Ι
1233 4650 1306 4710 (lor.
1333 4663 1365 4718 v,
1392 4644 1437 4726 5).
1461 4650 1526 4709 Per
1545 4647 1720 4708 veritatem

76 4739 194 4805 tractor
216 4744 267 4806 est
285 4745 381 4822 quasi
407 4761 543 4822 serpens
559 4744 685 4808 occulte
700 4746 864 4809 mordens.
921 4746 1195 4819 denunciationis,
1210 4746 1288 4822 quia
1302 4744 1380 4806 boni
1395 4743 1597 4807 mundantur
1611 4759 1631 4804 a
1647 4759 1724 4821 pec·

77 4839 250 4903 Peccamus
285 4843 318 4904 et
351 4843 465 4920 aperte
497 4843 734 4906 maledicendo.
774 4844 867 4906 Unde
921 4845 1015 4916 catis,
1032 4842 1163 4922 quando
1177 4843 1395 4904 annuntiatur
1418 4841 1556 4920 eisquid
1577 4842 1621 4902 sit
1641 4857 1722 4918 pec-

77 4938 247 5013 lpostolus
268 4959 276 4999 ε
298 4943 417 5014 Neque
445 4944 602 5003 maledici
629 4954 776 5018 reponat
803 4945 867 5004 Det
921 4943 1041 5003 catum.
1057 4943 1143 5002 Nam
1158 4940 1329 5016 peccatum
1344 4954 1557 5016 cognoscere,
1567 4939 1723 5002 salusest

76 5037 286 5104 donnana
296 5038 400 5112 (icor.
413 5052 459 5109 vr,
475 5037 727 5116 10).Peccamus
737 5039 868 5101 etmen·
921 5039 1052 5100 animae.
1069 5036 1163 5099 Unde
1175 5037 1308 5115 quidem
1324 5037 1457 5115 sapiens
1474 5057 1481 5098 ε
1497 5038 1631 5100 Notttta
1640 5055 1724 5113 pec-

77 5131 191 5208 liendo,
204 5133 293 5196 unde
309 5134 344 5195 in
357 5134 455 5196 Libro
465 5135 663 5212 Sapientiae:
680 5137 798 5200 Drnnts
808 5139 867 5210 ont
920 5137 989 5197 eati
1003 5135 1142 5196 initium
1156 5136 1278 5198 satutts
1292 5136 1356 5200 est.
1370 5134 1463 5196 Unde
1473 5135 1631 5196 Dominus
1642 5135 1725 5202 dicit

76 5233 248 5305 mentitur,
266 5233 387 5294 occidit
409 5236 565 5294 antaeum
580 5231 673 5312 (Sap.
695 5249 718 5306 1,
747 5232 811 5313 11).
828 5234 867 5296 Et
921 5232 964 5294 ad
996 5231 1201 5294 Ezechielem
1225 5252 1232 5293 ε
1254 5235 1322 5294 rot
1350 5234 1514 5302 tomenta,
1537 5232 1637 5294 notos
1666 5236 1723 5308 sao

77 5326 227 5392 Dominus
243 5345 302 5406 per
316 5333 455 5407 Moysen
473 5331 509 5391 in
528 5331 699 5392 Levitico:
716 5335 867 5405 Nonpe-
919 5333 1114 5392 renonem
1134 5331 1210 5390 otas
1227 5343 1319 5390 suas.
1336 5325 1467 5405 (Erech.
1484 5343 1553 5401 avr,
1571 5327 1617 5408 2).
1632 5329 1724 5392 ofili

71 5425 196 5492 ieratis
209 5431 348 5489 rtorntne
358 5441 445 5500 meo,
461 5434 660 5502 neapolites
669 5443 794 5491 nonten
802 5433 867 5491 Det
921 5425 1075 5498 bominis,
1092 5425 1187 5496 idest,
1205 5424 1408 5501 opropbeta,
1426 5425 1481 5502 qui
1496 5441 1532 5486 es
1550 5425 1637 5486 tilius
1660 5426 1722 5486 ho-

78 5521 123 5582 tot
137 5524 228 5600 (Der.
244 5540 343 5597 xuni,
356 5524 421 5604 21).
921 5523 1031 5596 minis,
1048 5520 1100 5583 lac
1116 5522 1212 5584 notas
1228 5521 1301 5585 vias
1315 5537 1405 5595 suas,
1422 5523 1518 5596 idest,
1526 5523 1723 5599 iniquitates

112 5621 169 5682 llis
196 5623 302 5684 modis
325 5622 498 5686 defunctus
531 5622 668 5686 effertur
688 5645 696 5698 3
720 5624 777 5701 qul
807 5639 866 5702 per
920 5636 1013 5693 suas,
1035 5620 1231 5691 Jerusalem,
1253 5617 1349 5692 idest,
1373 5620 1463 5680 fideli
1488 5619 1619 5692 animae,
1643 5621 1725 5699 quia

79 5719 198 5790 porum
212 5721 357 5784 civitatis
384 5721 521 5784 effertur
547 5720 635 5782 tilius
652 5721 770 5784 unicus
794 5739 867 5786 ma·-
916 5717 1120 5796 judicia‘Dei
1135 5715 1275 5794 abyssus
1287 5717 1401 5780 multa.
