3992 6380
382 255 443 316 909
534 253 537 260 '
872 257 1077 342 uomlnloll
1100 257 1143 320 ubl
1166 255 1330 320 OCTAVA
1350 255 1540 320 PASCHAE.

380 419 458 483 buit
486 417 713 484 testimonium
739 415 910 490 virerum,
930 417 1009 496 qnia
1040 416 1091 479 illi
1118 416 1183 478 duo
1239 415 1412 478 themana..
1436 418 1518 478 Sero
1536 414 1657 478 dicitur

380 516 565 580 redeuntes
598 516 799 579 invenerunt
823 517 1042 592 congregatos
1074 514 1183 576 unde·
1238 513 1348 576 autem
1358 514 1435 575 sunt
1444 514 1526 586 dies,
1539 515 1573 576 et
1583 513 1670 575 duot

381 617 463 688 cim,
488 614 651 686 dieentes⁷
669 613 747 690 quia
766 612 914 674 surrexit
928 612 1087 674 Dominus
1106 627 1183 674 vere
1237 610 1308 670 dies
1331 611 1383 672 est
1406 610 1553 682 malitiae,
1577 609 1618 672 de
1638 628 1670 687 qt

380 712 587 790 stapparuit
598 709 735 772 Simoni.
744 707 867 770 Habuit
878 710 1104 772 testimonium
1115 710 1184 771 ini·
1239 709 1456 769 Rcdtuwntes
1489 709 1632 782 tempus,
1660 725 1670 781 l

381 810 563 881 micorum,
578 808 656 884 quia
669 806 802 885 quidam
819 806 859 868 de
874 807 1064 869 custodibus
1077 823 1182 868 vene·
1237 809 1317 866 sunt
1333 802 1430 881 (Eph.
1444 821 1478 877 v,
1496 804 1560 883 16).
1580 806 1670 866 Alter

382 907 465 968 runt
474 906 513 967 in
523 905 691 970 civitatem
703 905 736 966 et
749 905 970 968 narraverunt
978 904 1188 982 principibus
1239 917 1303 978 que
1334 901 1381 962 ait
1407 901 1496 963 idem
1523 903 1670 978 Apostoli

382 1003 599 1065 sacerdotum
631 1003 744 1063 omnia
770 1018 843 1080 quae
871 1001 1072 1071 acciderant,
1105 1001 1185 1064 licet
1238 1000 1670 1074 diesaotemeppropinqw

382 1101 504 1178 postea
517 1097 666 1176 corrupti
689 1095 946 1176 pretiomentiti
963 1099 1040 1160 sint.
1062 1097 1186 1160 Habuit
1238 1095 1334 1167 idest,
1349 1112 1416 1157 nox
1429 1095 1545 1172 legalis
1556 1097 1670 1158 caecite

383 1196 614 1260 testimonium
627 1195 822 1264 amicorum,
837 1194 915 1272 quia
929 1195 1071 1257 Thomas
1087 1195 1182 1258 dicit:
1239 1193 1363 1255 minata
1373 1193 1433 1266 est,
1449 1193 1526 1270 quia
1537 1193 1611 1254 dies
1622 1209 1670 1268 gru

384 1297 558 1358 Dominus
570 1309 668 1355 marus
677 1294 712 1354 61
724 1296 818 1354 Deus
831 1307 941 1355 meus.
954 1292 1077 1354 Habuit
1089 1294 1186 1356 testi-
1239 1289 1315 1350 Dies
1340 1291 1458 1366 gratiae
1482 1290 1600 1352 habuit
1630 1307 1664 1350 so

384 1391 538 1454 menium
551 1390 749 1468 gentilium:
768 1389 855 1451 unde
877 1391 909 1452 et
923 1389 973 1450 illi
986 1390 1052 1452 duo
1069 1391 1184 1452 euntes
1240 1402 1326 1460 sero,
1353 1388 1449 1460 idest,
1484 1391 1636 1460 mortem,

385 1489 421 1550 in
435 1492 595 1550 Emmaus
604 1489 779 1550 dixerunt:
792 1491 872 1550 «Tu
886 1488 977 1550 solus
989 1488 1185 1565 peregrinus
1240 1483 1326 1546 idest
1348 1487 1570 1562 peccatorum,
1591 1501 1670 1547 mor}

386 1603 423 1648 es
446 1586 484 1648 in
510 1587 709 1658 Jerusalem,
738 1587 771 1648 et
802 1601 871 1648 non
898 1586 1084 1662 cognovisti
1112 1601 1185 1662 quae
1239 1582 1308 1642 lum
1330 1583 1372 1642 ad
1397 1586 1563 1645 Romanos
1587 1582 1670 1644 dice:

384 1684 475 1746 iacta
487 1684 613 1746 suntin
626 1684 720 1745 eaiis
735 1683 855 1746 diebus
867 1700 886 1744 s
900 1682 993 1762 (Luc,
1013 1679 1183 1754 mv,18t,
1241 1680 1323 1742 tulto
1341 1681 1449 1756 aocet
1466 1683 1562 1756 0110111
1585 1695 1659 1742 seru

383 1782 484 1859 quasi
505 1781 659 1842 omnibus
681 1781 760 1842 nota
786 1782 898 1842 essent
915 1783 983 1842 tam
1006 1780 1185 1856 gentilibus
1240 1793 1313 1854 quae
1340 1778 1453 1838 illuxit
1480 1794 1581 1855 super
1610 1794 1670 1839 noa

385 1895 489 1956 quam
504 1879 641 1940 Judaeis.
658 1877 783 1940 Habuit
799 1878 1024 1940 testimonium
1047 1878 1185 1940 1111160-
1240 1873 1326 1936 idest
1340 1891 1431 1952 spem
1454 1877 1486 1938 et
1509 1876 1657 1938 fiduciam

386 1991 472 2047 rum,
490 1975 571 2052 quia
585 1975 738 2036 undecim
758 1975 914 2052 discipuli
933 1992 951 2036 c
978 1975 1132 2036 abierunt
1150 1975 1185 2036 in
1239 1973 1417 2034 terminum
1428 1973 1495 2034 diei
1507 1973 1670 2034 schahar:

386 2073 563 2134 Calilaeam
575 2072 611 2133 in
628 2073 783 2144 montem,
800 2071 857 2132 ubi
878 2073 1097 2135 constituerat
1117 2072 1186 2134 illis
1240 2070 1514 2133 dicenszBouum
1535 2072 1655 2132 certae

385 2172 495 2246 Jesus,
507 2171 542 2234 et
552 2171 702 2234 videntes
713 2169 1184 2249 adoraverunteumsfflatth.
1239 2173 1478 2230 consummavi
1493 2166 1538 2247 (ll
1552 2169 1635 2230 Tim.
1651 2185 1654 2228 3
1669 2185 1670 2200 ¹

388 2285 514 2342 xxmn,
529 2267 593 2349 16).
1241 2265 1328 2326 diem
1340 2266 1383 2327 ad
1395 2281 1470 2327 sero
1493 2266 1634 2344 produxi
1649 2288 1653 2325 :

426 2367 512 2437 Quid
531 2382 622 2443 ergo,
648 2366 778 2436 iratres,
804 2370 877 2445 ejus
905 2367 1104 2429 resurrectio
1125 2367 1188 2426 ha·
1241 2366 1291 2426 est
1305 2363 1388 2424 mihi
1403 2379 1526 2425 corona
1536 2364 1670 2441 justiti}

387 2457 459 2524 buit
469 2463 699 2526 testimonium
712 2465 965 2539 elementorum
979 2465 1057 2541 quia
1072 2463 1188 2525 habuit
1242 2477 1296 2524 na.
1314 2462 1380 2523 Iste
1393 2461 1467 2522 dies
1489 2461 1540 2523 est
1559 2461 1650 2522 ruina
1669 2507 1670 2532 ,

388 2561 616 2622 testimonium
634 2562 804 2634 coelorum,
832 2561 949 2623 habuit
962 2561 1186 2623 testimonium
1242 2558 1382 2632 ntideo,
1398 2559 1435 2620 nt
1448 2559 1536 2620 hunc
1549 2558 1636 2620 diem

388 2655 615 2733 infernorum
626 2659 704 2734 quia
728 2659 846 2721 habuit
859 2658 1083 2720 testimonium
1099 2673 1189 2718 mor·
1242 2660 1296 2718 dte
1308 2659 1374 2730 illo,
1390 2655 1486 2728 idest,
1504 2655 1557 2716 die
1572 2671 1648 2716 resu
1669 2679 1670 2688 ¹

389 2755 535 2822 tuorum,
551 2753 667 2816 habuit
679 2755 907 2817 testimonium
925 2756 1075 2817 vivorum
1087 2777 1096 2829 ς
1110 2755 1188 2831 quia
1282 2756 1364 2814 Tres
1380 2753 1451 2814 dies
1471 2753 1571 2815 habet
1584 2753 1647 2814 Chr
1669 2770 1670 2812 i

391 2849 507 2913 habuit
522 2851 747 2913 testimonium
762 2850 949 2924 mulierum,
965 2852 1081 2913 habuit
1094 2852 1189 2912 testi·
1243 2851 1333 2924 lutis,
1363 2851 1531 2912 secundus
1562 2851 1646 2928 perd:
1669 2895 1670 2908 ,

390 2949 539 3009 monium
556 2949 724 3022 virorum
741 2949 820 3025 quia
834 2949 951 3010 hahuit
963 2948 1188 3010 testimonium
1243 2964 1294 3010 nae
1305 2948 1531 3010 beatitudinis.
1545 2949 1645 3010 Diess

390 3043 973 3116 inimicorum‚habuittestimonium
989 3047 1186 3120 amicorum
1243 3047 1377 3118 Christi,
1406 3047 1483 3124 quia
1512 3046 1548 3107 in
1577 3045 1636 3106 illo
1669 3075 1670 3094 ,

389 3142 468 3217 quia
491 3140 611 3202 habuit
626 3141 851 3203 testimonium
869 3144 1053 3218 gentilium,
1075 3143 1190 3204 babuit
1244 3145 1366 3208 Christi
1390 3144 1514 3206 salvati
1543 3159 1643 3204 sumu:

391 3239 617 3300 testimonium
632 3239 821 3302 Judaeorum
838 3255 937 3316 ergo:
958 3241 1105 3302 surrexit
1124 3244 1190 3302 Do-
1245 3243 1339 3306 Unde
1359 3242 1395 3303 in
1417 3241 1616 3318 Apocalypsi
1641 3271 1642 3288 ,
1669 3242 1670 3300 l

392 3335 502 3397 minus
522 3351 615 3397 vere.
636 3337 676 3398 Et
689 3335 764 3398 ideo
781 3352 842 3398 nos
862 3337 1017 3414 deinceps
1040 3339 1189 3399 dicamus
1243 3341 1339 3402 ruisti
1357 3354 1431 3411 cos,
1450 3343 1641 3400 Domineb
1669 3356 1670 3398 1

392 3430 539 3507 alleluia,
570 3433 655 3496 idest
679 3433 850 3496 laudemus
874 3437 943 3513 jam
969 3435 1187 3511 invisibilem3
1245 3435 1360 3515 (Apec.
1376 3453 1408 3507 v,
1422 3433 1467 3513 9).
1484 3437 1524 3498 nt
1538 3435 1640 3498 ibider

392 3536 532 3596 11161016
550 3533 641 3594 enim
655 3532 787 3594 laudate
807 3533 1056 3610 interpretatur.
1073 3533 1109 3594 ld
1128 3548 1191 3594 no-
1242 3535 1405 3598 eeu-noa
1419 3534 1454 3594 61
1467 3533 1550 3594 lacit
1569 3547 1631 3593 eos
1669 3548 1670 3592 l

393 3645 467 3690 men
486 3629 547 3691 Dei
571 3630 622 3692 est
644 3629 836 3692 inuisibilis.
863 3631 939 3692 Vita
961 3630 1052 3694 enim
1075 3631 1189 3692 nostra
1243 3635 1413 3707 conputus
1435 3643 1498 3692 suo
1520 3626 1635 3707 (Apoc.
1669 3644 1670 3689 3

393 3741 479 3789 nunc
498 3725 693 3788 abscondita
721 3728 772 3788 est
796 3743 870 3787 cum
895 3727 1024 3790 Christo
1048 3727 1083 3788 in
1109 3730 1187 3789 Deo.
1245 3727 1391 3805 Epistola
1411 3726 1637 3788 canonicazt
1669 3775 1670 3784 ,

348 3865 356 3888 1
394 3822 572 3885 Erubescat
592 3823 796 3900 itaque-jam
814 3823 950 3885 Judaens
973 3824 1107 3897 infelix,
1133 3824 1189 3901 qui
1243 3826 1388 3888 mulceat
1402 3827 1519 3886 nesab
1534 3827 1628 3885 emet
1669 3849 1670 3868 ,

394 3920 490 3994 negat
505 3918 672 3981 Christum
685 3935 704 3980 a
715 3919 853 3981 mortuis
868 3922 1104 3981 resurrexisse.
1121 3923 1190 3982 Nec
1244 3924 1321 3984 Dies
1345 3921 1544 3998 perditionis
1565 3922 1635 3982 erat
1669 3921 1670 3979 J

394 4016 464 4078 erat
486 4017 690 4079 conveniens
712 4016 937 4078 testimonium
958 4032 1088 4091 eorum,
1113 4019 1190 4094 quia
1245 4019 1359 4098 perdet
1383 4020 1470 4080 Deus
1492 4033 1607 4079 omnes
1669 4037 1670 4074 l

394 4111 575 4175 dixerunt:
598 4116 705 4178 Nobts
738 4114 985 4176 dormientibus
1019 4117 1191 4178 venerunt
1245 4116 1325 4178 dicit
1347 4117 1503 4192 Moyses:
1527 4114 1633 4176 lucete
1669 4129 1670 4173 3

396 4212 550 4288 discipuli
566 4217 641 4286 6161
644 4256 704 4275 .....
892 4239 895 4246 ’
1245 4215 1322 4276 Dies
1336 4213 1406 4286 illa,
1423 4213 1493 4274 dies
1505 4211 1577 4284 irae,
1593 4211 1631 4272 (11

433 4311 628 4372 comesset
651 4326 729 4372 sero
755 4312 809 4372 dte
835 4313 983 4379 11101011
1007 4298 1209 4374 smomu0·'
1244 4313 1316 4376 riae.

395 4419 537 4468 manum
565 4409 637 4468 Una
665 4406 918 4480 sabbathorum,
953 4408 1055 4480 idest,
1083 4409 1190 4484 prima
1284 4410 1361 4471 Dies
1376 4409 1510 4471 aeternae
1530 4406 1630 4470 beatit
1669 4408 1670 4466 i

397 4501 642 4575 sabbathcrum,
665 4503 761 4576 idest,
799 4503 927 4565 dierum
959 4503 1188 4580 hebdomadae3
1246 4509 1411 4570 ecclelia
1435 4506 1573 4568 hoodie
1597 4505 1628 4566 di
1669 4507 1670 4563 l

397 4601 413 4658 J
418 4599 500 4662 odaei
515 4601 604 4662 enim
625 4600 707 4674 dies,
727 4616 809 4677 quas
824 4617 885 4662 nos
905 4617 1065 4664 vocamus
1076 4603 1189 4673 ferias,
1245 4610 1317 4668 dies
1331 4621 1400 4668 1010
1418 4608 1453 4666 ia
1466 4604 1569 4664 otrtts
1589 4604 1626 4663 tu

398 4696 556 4761 sabbatha
575 4698 748 4760 vocabant.
766 4698 849 4770 Quia
867 4699 952 4762 sicut
972 4715 1033 4760 nos
1050 4700 1191 4762 dicimus
1246 4705 1308 4779 11).
1325 4703 1401 4764 Dies
1417 4717 1483 4763 una
1498 4701 1561 4762 erit
1576 4700 1610 4760 ln
1669 4716 1670 4760 ;

399 4794 535 4867 primam
558 4795 689 4868 leriam,
710 4795 900 4868 secundam,
925 4797 1124 4870 6116111110,
1146 4798 1191 4860 ita
1246 4817 1310 4879 quo
1335 4800 1386 4862 sol
1408 4801 1530 4872 noster,
1551 4798 1624 4858 ides
1669 4801 1670 4858 ζ

402 4887 463 4964 ipsi
483 4893 637 4955 dicebant
659 4893 800 4970 primam
817 4892 980 4965 sabbathi,
1000 4894 1190 4968 secundam,
1247 4897 1384 4969 occidet,
1420 4897 1498 4974 quia
1523 4911 1624 4972 semp<

400 4988 688 5052 ettertiam.Unde
705 4991 813 5052 Lucas
828 4991 1039 5066 evangelista
1053 5013 1061 5054 ι
1075 5009 1093 5051 c
1109 4995 1193 5054 liac-
1247 4997 1337 5068 luna,
1371 4994 1469 5066 idest,
1493 5009 1621 5055 caron
1669 4993 1670 5054 l

400 5081 465 5145 tum
480 5087 530 5149 est
544 5088 654 5147 autem
668 5087 703 5148 in
720 5085 885 5160 sabbatho
901 5088 1057 5162 secundo,
1072 5089 1190 5166 primo,
1247 5094 1425 5154 minuetur.
1445 5091 1539 5154 Unde
1561 5091 1622 5153 lsai

402 5183 471 5244 cum
500 5183 682 5246 transirent
697 5184 990 5261 perseia.»lllam
1005 5201 1086 5247 vero
1106 5187 1192 5248 diem
1245 5197 1296 5253 sol
1319 5193 1410 5262 tuus,
1433 5189 1621 5252 61160610
1669 5206 1670 5245 l

403 5290 495 5351 quam
521 5279 571 5342 illi
596 5280 749 5342 dicebant
774 5282 915 5358 primam
941 5281 1104 5356 sabbathi,
1132 5301 1195 5346 nos
1247 5291 1416 5349 Dominus
1443 5286 1514 5348 erit
1533 5289 1570 5348 tu
1597 5289 1620 5344 lc
1669 5307 1670 5316 ¹

403 5386 554 5437 vocamus
566 5377 766 5442 dominicam
781 5377 821 5438 ob
838 5377 998 5440 bonorem
1013 5381 1193 5444 Dominicae
1247 5385 1416 5445 Dominus
1431 5382 1511 5442 tusus
1526 5385 1562 5440 te
1576 5385 1619 5456 pb
1669 5405 1670 5438 l

405 5474 664 5536 resurrectionis.
1247 5479 1312 5559 20).
1334 5480 1380 5540 De
1404 5477 1468 5539 hoo
1490 5477 1544 5539 die
1563 5477 1618 5539 dic
1669 5481 1670 5538 3

442 5569 524 5634 Cum
543 5585 626 5652 erpo
645 5571 891 5636 essetsarcdte
908 5574 1055 5646 11101010
1069 5578 1192 5640 sobbo—
1250 5577 1617 5654 qulamseeccnomeuu
1669 5592 1670 5631 ;
