3954 6358
270 389 328 451 631
736 381 912 444 HONORII
935 381 979 441 111
999 380 1147 444 OPERA.
1163 410 1202 424 -
1218 377 1451 443 SERMONES.
1822 396 1863 458 gg

272 549 348 612 tuos
372 546 429 626 qui
443 545 478 608 ln
497 561 537 612 oo
566 544 661 620 sunt,
689 541 768 622 quia
794 556 930 604 necesse
955 539 1006 606 est
1033 541 1069 602 ut
1124 541 1249 604 tlxuras
1277 541 1448 606 clarorum
1481 541 1516 603 ln
1547 543 1696 608 manibus
1715 549 1745 610 et
1764 552 1865 627 petbus

274 645 433 725 qmdquid
456 643 649 706 devoratum
675 641 725 703 est
745 657 765 702 a
784 639 931 718 piscibus
953 639 1067 712 maris,
1123 639 1867 722 suls,etvulnuslaneeaeinlatereojus.Undeait

274 744 328 808 uel
343 760 364 806 a
382 741 582 821 quibuslibet
600 739 802 802 animalibus
824 737 1001 802 revocetur
1028 735 1069 798 ad
1124 736 1283 800 Dominus
1298 753 1357 815 per
1371 738 1566 801 Zachariam
1582 742 1779 819 prophetam:
1794 753 1868 825 Aspl-

275 843 396 905 statum
423 839 611 918 pristinum.
640 837 727 900 Nota
752 837 839 915 quod
859 835 964 899 totum
988 834 1070 897 illud
1124 837 1868 924 emittendamquemconiloecruat(zachar,103

275 938 427 1016 resurget
450 939 491 1001 de
516 937 662 1011 homine,
687 936 774 1013 quod
794 935 845 997 est
863 934 905 996 de
931 933 1071 998 vertute
1124 937 1221 998 loan.
1237 950 1309 1008 xix,
1325 933 1391 1015 37).
1406 936 1495 998 idest
1505 937 1613 999 Judaei
1626 937 1658 1000 et
1668 940 1873 1014 gentilesrescl·

279 1039 433 1100 humanae
459 1037 599 1098 natiuae.
622 1034 778 1097 Internus
811 1031 902 1095 dabit
924 1033 1072 1095 mortuos
1127 1033 1218 1111 pient
1230 1049 1282 1094 me
1298 1049 1395 1111 quem
1408 1033 1657 1098 crucifixerunt.
1677 1036 1749 1099 Ideo
1768 1041 1873 1108 ostendit

278 1135 335 1213 qui
351 1135 387 1196 in
399 1151 438 1196 eo
456 1135 543 1209 sunt,
559 1133 646 1196 idest
660 1133 789 1195 animas
804 1131 1019 1202 mortuorum,
1037 1127 1073 1190 ut
1128 1131 1279 1194 Christus
1295 1132 1391 1208 signa
1406 1132 1575 1195 clavorum
1588 1134 1625 1195 ut
1639 1134 1717 1195 mali
1726 1136 1844 1212 videant,
1854 1146 1876 1204 et

277 1233 403 1296 vadant
415 1233 455 1294 ad
469 1247 608 1312 corpora
624 1225 703 1308 sua,
719 1229 753 1294 et
765 1231 814 1292 ita
828 1229 893 1292 erit
905 1225 1072 1306 generahs
1128 1230 1262 1293 doleant
1277 1229 1333 1308 qui
1343 1231 1470 1293 mutam
1487 1233 1560 1309 ejus
1573 1232 1739 1296 miseriam
1750 1235 1876 1313 despexe·

278 1331 491 1394 resurreetio.
1127 1327 1217 1391 runt.

320 1432 360 1492 Et
381 1429 551 1490 sciendum
566 1429 616 1491 est
631 1427 708 1507 qnlia
724 1426 795 1490 sola
810 1441 950 1504 corpora
971 1437 1073 1486 sanc·
1168 1425 1252 1486 Boni
1274 1424 1423 1500 rideant,
1448 1426 1482 1488 et
1505 1426 1686 1502 gaudeant,
1710 1429 1810 1506 quiin
1828 1447 1880 1494 eun

280 1527 389 1590 torum
413 1525 702 1588 commutabuntur
727 1525 762 1586 in
787 1523 939 1601 gloriam,
965 1521 1011 1584 ita
1039 1520 1076 1582 ut
1129 1523 1351 1586 crediderunt.
1377 1525 1502 1602 Itaque,
1527 1523 1660 1595 tratres,
1684 1527 1757 1603 quia
1780 1527 1830 1590 hoo
1848 1535 1882 1592 est

282 1639 349 1686 non
375 1623 503 1702 possint
524 1623 563 1684 de
594 1623 714 1686 caetero
737 1621 863 1700 aliquid
887 1619 968 1681 mali
993 1616 1073 1697 pati.
1129 1623 1258 1700 tempus
1278 1623 1448 1700 acceptum
1463 1622 1497 1685 et
1512 1623 1725 1700 acceptabile,
1739 1624 1815 1687 idest
1825 1629 1884 1688 un-

284 1721 377 1786 Unde
388 1721 565 1800 Apostolus
578 1743 586 1784 ι
601 1725 680 1784 Νοη
695 1721 777 1783 susat
799 1721 976 1796 caradigum
992 1731 1077 1792 pus·
1130 1737 1192 1797 pus
1212 1719 1373 1783 adventus
1395 1720 1531 1790 Christi,
1545 1721 1632 1783 idest
1645 1722 1768 1800 tempus
1787 1739 1885 1786 correo

281 1823 396 1884 stenes
409 1821 737 1895 bwustooaporasact
745 1819 903 1894 stetissem
914 1819 1074 1895 gloriam,
1130 1819 1232 1881 tionis
1249 1818 1282 1882 et
1295 1818 1537 1882 emendationis
1557 1820 1637 1881 ultae
1658 1822 1784 1892 nostrae,
1798 1823 1825 1882 et
1835 1839 1884 1894 nos,

282 1933 360 1994 oute
381 1919 592 1980 revelabitur
610 1921 647 1978 tn
664 1920 759 1978 uobis
781 1914 890 1996 (Rom.
911 1929 985 1986 vul,
1010 1911 1073 1993 18).
1131 1917 1268 1986 tratres,
1298 1933 1373 1979 cum
1401 1917 1522 1992 gaudio
1551 1917 1768 1994 suscipiamus
1790 1919 1885 1996 tenpus

283 2017 324 2080 ut
341 2016 377 2078 in
391 2014 591 2092 Evangelio:
607 2013 900 2092 mineoantjusta
920 2011 1009 2074 saza
1027 2015 1078 2074 sot
1131 2014 1231 2088 istud,
1252 2014 1342 2076 utin
1361 2015 1414 2076 die
1435 2015 1628 2078 Natiuitatis
1643 2015 1762 2077 Christi
1775 2031 1836 2076 cum
1847 2020 1888 2078 bo

283 2117 322 2176 iu
343 2128 452 2191 reguo
472 2115 594 2176 Petris
619 2128 741 2175 cortem
763 2111 893 2191 (Matth.
918 2125 988 2182 xiv,
1011 2107 1075 2184 43),
1131 2113 1222 2175 mino
1243 2112 1435 2191 gloriemur.
1461 2115 1559 2189 Ergo,
1575 2112 1708 2184 fratres,
1726 2113 1888 2190 deponamus

284 2212 364 2291 quia
382 2213 474 2274 taum
494 2212 558 2274 erit
575 2211 711 2274 claritas
732 2211 921 2272 sanctorum
935 2207 1010 2286 post
1024 2221 1079 2268 re-
1132 2212 1278 2274 veterem
1295 2210 1463 2273 hominem
1478 2227 1553 2274 cum
1568 2211 1698 2274 actibus
1721 2212 1837 2284 suiset
1853 2213 1890 2272 in-

287 2310 546 2383 surrectionem,
582 2311 705 2388 quanta
732 2308 795 2371 luit
816 2307 1014 2385 glorificatio
1042 2305 1078 2366 in
1133 2310 1475 2388 duamusnovumqui
1489 2310 1673 2372 secundum
1684 2313 1890 2374 Deumereatus

285 2407 590 2484 transfiguratione.
600 2408 764 2470 Malorum
774 2421 853 2469 vero
862 2418 1002 2482 corpora
1013 2419 1079 2466 uon
1134 2409 1196 2470 ost.
1208 2411 1436 2486 Expurgemus
1446 2409 1540 2471 vetus
1555 2407 1762 2480 termentum,
1773 2409 1805 2470 ut
1814 2409 1890 2468 sinus

285 2505 558 2579 immutabuntur,
583 2507 661 2584 quia
678 2505 833 2584 poterunt
855 2503 935 2581 pati,
961 2503 993 2564 ot
1014 2517 1078 2579 pa·
1133 2523 1220 2570 nova
1233 2507 1436 2584 conspersio.
1453 2507 1493 2569 Et
1509 2507 1595 2569 sicut
1607 2505 1810 2568 exhibuimus
1822 2522 1893 2566 men·
1941 2531 1942 2534 ¹

285 2603 411 2666 tientur
424 2605 599 2668 tormenta.
621 2605 715 2667 Unde
734 2603 930 2681 Apostolus:
956 2603 1080 2665 Omnes
1133 2605 1194 2667 bra
1206 2607 1318 2668 nostra
1336 2605 1463 2668 servire
1473 2604 1650 2682 iniquitate
1660 2605 1703 2666 ad
1714 2603 1892 2682 iniquitaten,

285 2705 422 2778 quidem
436 2703 1082 2781 resurgentiascd›loramleucstmmu-
1134 2705 1343 2782 intempore
1373 2703 1566 2766 Nativitatis
1594 2703 1734 2776 christi,
1762 2703 1836 2779 quod
1861 2705 1894 2762 est
1944 2714 1945 2740 1

287 2800 438 2863 tubtmur
456 2805 494 2863 tu
507 2805 654 2879 glorium
666 2800 695 2880 (1
705 2803 780 2862 Cor.
796 2815 856 2872 xv,
870 2797 934 2879 51).
952 2797 992 2860 ut
1011 2801 1082 2859 Au·
1135 2802 1307 2880 acceptum
1338 2801 1372 2863 et
1405 2801 1619 2879 acceptabile,
1650 2800 1850 2862 exlubeanus
1868 2815 1894 2860 oa
1945 2794 1947 2880 s

286 2899 439 2974 guatinus
457 2917 499 2961 :s
521 2900 708 2975 Resurgent
731 2901 921 2960 sanctorum
944 2896 998 2959 vol
1020 2895 1082 2956 bo-
1135 2899 1263 2962 servire
1287 2899 1429 2979 justitiae
1458 2900 1493 2960 in
1522 2899 1798 2971 sanctificatione,
1828 2898 1854 2958 et
1872 2900 1895 2956 ut
1947 2954 1948 2958 ,

287 3011 406 3059 norum
439 3013 579 3074 corpora
602 2996 676 3060 sine
699 2996 767 3058 ullo
790 2995 884 3066 uitio,
914 2994 987 3058 sine
1012 2992 1081 3056 ulla
1135 2998 1301 3076 possimus
1331 2998 1445 3060 lavare
1469 2998 1557 3060 inter
1586 2997 1779 3060 innocentes
1810 3011 1895 3056 manin

288 3094 495 3157 deformitate
532 3097 565 3158 et
598 3095 671 3157 sine
705 3095 774 3158 ulla
810 3093 1034 3171 corruptione.
1063 3105 1081 3152 r
1136 3096 1268 3158 nostras
1291 3097 1325 3158 et
1346 3111 1425 3159 vere
1446 3095 1558 3158 dicere
1585 3095 1728 3158 Domino
1751 3117 1758 3156 ε
1779 3098 1897 3168 Amplius
1949 3114 1950 3118 ¹

289 3191 440 3253 Christus
474 3191 580 3272 faciet
605 3192 736 3257 occulta
768 3190 966 3262 manifesta,
1004 3186 1082 3267 quia
1135 3193 1898 3270 tooarncobtramutatamea‚otapeccotoruo

287 3303 349 3367 per
389 3289 575 3354 claritatem
618 3307 713 3352 suam
749 3287 951 3351 illuminabit
982 3284 1082 3349 eorda
1136 3295 1266 3355 multoe
1291 3308 1348 3355 rrae
1371 3291 1440 3372 (Ps.
1454 3293 1504 3366 50,
1518 3291 1565 3371 4).
1581 3292 1746 3363 Quoniam
1766 3291 1792 3350 si
1810 3289 1897 3354 turtur,

289 3385 472 3461 hominum,
486 3388 533 3452 ita
546 3388 582 3451 ut
595 3388 724 3467 possint
737 3387 850 3450 uidere
870 3385 982 3448 omnia
996 3383 1082 3446 bona
1138 3391 1280 3452 hirundo
1296 3393 1325 3452 ei
1343 3391 1483 3463 ciconia,
1500 3391 1599 3468 juxta
1619 3389 1809 3467 prophetam
1828 3389 1899 3450 lere·

288 3485 323 3548 et
342 3487 454 3548 omnia
475 3487 574 3562 mala,
591 3505 664 3566 quae
678 3485 829 3549 lecerunt
848 3483 914 3564 ipsi
936 3482 989 3547 vel
1010 3481 1081 3546 alii.
1138 3489 1250 3562 miam,
1266 3486 1443 3550 observant
1463 3489 1592 3564 tempus
1616 3486 1777 3549 adrentus
1793 3485 1845 3556 sul,
1860 3497 1901 3542 cur

291 3583 385 3645 Unde
414 3585 451 3646 in
477 3587 676 3663 Evangelio:
705 3588 800 3649 Ntlu'l
827 3583 895 3647 erit
924 3581 1083 3657 opertum
1138 3588 1171 3650 at
1198 3603 1270 3660 nos,
1293 3585 1424 3660 iratres,
1441 3601 1507 3648 non
1530 3585 1715 3662 accipimus
1730 3585 1789 3646 hoc
1803 3585 1901 3658 tempus

288 3685 378 3755 quod
392 3698 460 3744 ἢθη
478 3685 699 3756 revelabitur,
722 3697 830 3756 dedite
849 3680 1084 3743 absconditum
1138 3685 1356 3762 acceptabile,
1375 3685 1475 3758 idest,
1494 3685 1623 3763 tempus
1637 3685 1797 3746 adventus
1809 3679 1901 3742 Christi

288 3781 378 3851 (Μαί
387 3794 456 3840 ”Oli
465 3781 598 3842 mallit
608 3778 739 3858 (Matth-
752 3795 786 3852 X.
798 3777 863 3858 26)·
878 3777 962 3850 Quia
973 3776 1084 3837 Omnia
1139 3783 1181 3845 ad
1204 3783 1366 3859 agendam
1385 3783 1613 3862 poenitentiam
1635 3782 1826 3844 delictomm
1846 3793 1903 3838 nos-

291 3877 427 3950 poccata
453 3893 527 3954 quae
555 3877 683 3939 homini
711 3892 770 3954 per
795 3875 1024 3954 poenitentiam
1053 3873 1085 3936 et
1138 3881 1287 3944 troruml
1306 3884 1532 3957 Agnoscamus
1548 3881 1660 3960 itaque
1681 3880 1716 3942 et
1734 3895 1792 3942 nos
1805 3879 1903 3952 tempus

291 3971 534 4036 confessionem
558 3991 626 4036 uon
646 3973 771 4037 luerint
795 3973 959 4046 revelata,
988 3970 1086 4034 erunt
1139 3979 1343 4042 visitationis
1362 3980 1396 4040 et
1415 3980 1537 4041 nostrae
1562 3978 1777 4041 reversionis.
1793 3976 1824 4036 Si
1844 3987 1903 4046 ersi>

291 4071 371 4133 tunc
394 4071 603 4136 universitati
629 4071 766 4135 humani
798 4071 931 4149 generis
956 4071 1083 4148 aperta.
1140 4077 1202 4141 fuit
1230 4077 1409 4156 aliquando
1431 4079 1561 4154 tempus
1587 4075 1762 4155 plantandi
1782 4074 1813 4134 iu
1833 4069 1904 4132 nobis

293 4168 387 4232 Unde
407 4169 525 4231 Daniel
553 4170 601 4232 ²1st
623 4170 663 4232 de
683 4170 796 4248 judice
821 4169 964 4241 Chri³t02
999 4165 1086 4246 quod
1140 4177 1222 4239 vitia
1239 4177 1272 4239 et
1289 4175 1436 4255 peccata,
1458 4191 1547 4236 nunc
1563 4175 1607 4237 sit
1625 4177 1757 4252 tempus
1773 4166 1905 4234 evellendi

290 4265 369 4328 libri
397 4269 504 4346 adelfi
530 4269 608 4332 ⁸1¹1st
630 4284 742 4331 coram
764 4269 854 4345 iP⁸0=
877 4266 979 4336 Libri»
1001 4265 1087 4329 idest
1141 4275 1227 4353 quod
1240 4275 1422 4352 plantatum
1434 4275 1494 4336 est.
1504 4273 1539 4334 Si
1551 4273 1615 4335 luit
1625 4274 1757 4350 tompus
1767 4262 1908 4332 occidendi

291 4366 495 4429 conscientia
510 4368 781 4444 uniuscujusque.
802 4364 953 4426 Christus
966 4363 1088 4425 disoer·
1141 4374 1271 4435 animas
1296 4374 1427 4435 nostras
1447 4387 1507 4450 pnn-
1525 4371 1655 4443 (inlicta,
1670 4387 1761 4432 nnnc
1784 4369 1823 4428 sii
1841 4366 1907 4425 tem-

292 4463 350 4524 net
374 4461 477 4526 bonos
502 4480 522 4526 ἃ
550 4463 647 4526 malls
677 4464 761 4536 ¹000,
788 4463 875 4525 Sicut
901 4462 1023 4523 dicitur
1051 4461 1086 4521 in
1142 4489 1203 4550 pus
1223 4471 1364 4533 sanandi
1383 4485 1442 4548 per
1453 4469 1730 4532 misericordiam.
1743 4461 1908 4528 Effundam

292 4563 488 4638 Evangelio:
503 4563 810 4638 Conffreqabtttttttt'
823 4560 904 4622 aitte
916 4575 996 4622 etam
1014 4574 1088 4621 otla—
1142 4585 1243 4647 supgp
1263 4583 1324 4631 nos
1344 4585 1430 4646 aqua
1442 4567 1576 4639 munda,
1600 4581 1659 4644 per
1681 4581 1780 4644 quam
1797 4559 1910 4624 munda·

292 4675 355 4723 aes
381 4663 500 4737 petates
527 4661 561 4723 at
588 4661 763 4736 separabit
786 4673 843 4722 eos
869 4661 910 4720 ab
940 4660 1088 4719 iudaicam
1141 4669 1252 4730 ninnn
1274 4668 1316 4730 nn
1336 4665 1596 4746 inquinamentis
1610 4665 1744 4728 nonnis,

292 4759 383 4821 stmdt
405 4761 527 4835 pastor
548 4758 711 4835 segregat
737 4773 818 4820 oves
841 4759 882 4820 ab
910 4759 1027 4827 buath,
1054 4755 1088 4816 ct

293 4853 1088 4933 scortationemovesaueotrunaeoosautem
1509 4881 1570 4967 HI

294 4969 318 5016 o
334 4956 489 5016 anatra
501 4951 631 5033 (Matth.
645 4969 727 5026 xxv,
738 4950 862 5030 32-33).
879 4953 919 5013 Et
932 4951 968 5012 in
979 4954 1089 5013 Evan-

295 5050 1088 5129 gelio:EoetbtoztAttgettetseparaburltmalos
1289 5081 1343 5140 DE
1364 5077 1563 5140 ADVENTU
1588 5075 1727 5137 SERMO
1750 5074 1795 5134 ΠΙ

294 5153 337 5212 cte
358 5153 470 5212 medio
487 5151 668 5224 justorum
686 5146 780 5228 (ibid.
801 5145 956 5226 x111,49).
982 5147 1089 5208 Malos

251 5307 252 5312 ,
295 5251 406 5314 autem
424 5249 514 5310 toras
529 5247 669 5320 mittent,
684 5245 782 5318 idest,
800 5245 835 5307 in
853 5243 1004 5320 inlerno;
1029 5244 1090 5306 bo-
1184 5235 1455 5305 Quumaudtsset
1466 5237 1618 5296 Joaarsas
1630 5235 1667 5292 ta
1678 5231 1912 5330 oinctdisopcro

295 5365 357 5414 nos
371 5347 493 5425 eligent
508 5347 542 5407 in
555 5361 646 5415 vasa,
661 5343 756 5416 idest,
779 5344 814 5404 in
834 5344 959 5404 aeterna
973 5341 1088 5405 taber·
1144 5337 1283 5406 Cbrtstt,
1295 5334 1437 5395 dudttcus
1453 5334 1539 5394 duos
1555 5345 1602 5392 eor
1618 5326 1865 5402 dtsmpauissdu
1875 5317 1912 5378 ult

295 5447 427 5512 nacula.
457 5443 650 5522 segregabit
674 5443 778 5505 bonos
804 5457 823 5502 a
851 5439 949 5502 malis
968 5439 1087 5517 gloria,
1144 5437 1214 5498 tui:
1237 5437 1286 5495 Tu
1300 5447 1337 5495 es
1351 5433 1410 5505 out
1422 5429 1590 5492 venturas
1611 5441 1663 5498 es,
1681 5441 1729 5489 an
1748 5427 1845 5487 mitam
1860 5431 1913 5480 oa-

296 5547 375 5627 quia
389 5545 468 5608 honi
486 5545 519 5606 et
529 5539 777 5622 justividebunt
787 5539 952 5601 Christum
963 5538 1090 5614 glorio-
1140 5533 1341 5610 pectorosus?
1358 5527 1488 5608 (Matth.
1504 5540 1552 5599 11,
1565 5523 1611 5606 3).

296 5663 370 5710 sum
383 5645 424 5708 'ot
444 5643 599 5722 pacatum
617 5639 697 5715 sibi3
718 5637 798 5699 mali
818 5635 977 5700 videbunt
989 5637 1090 5698 terri·
1184 5631 1340 5707 Legimus
1350 5626 1436 5705 quod
1446 5629 1593 5688 loannes
1606 5621 1765 5700 arguebat
1777 5612 1913 5725 Herodem

296 5745 396 5808 bilem
418 5745 451 5806 et
474 5742 596 5806 iratum
620 5738 695 5802 sihi.
712 5739 803 5800 Tunc
821 5734 971 5798 ostendet
990 5735 1089 5798 malis
1145 5729 1279 5808 propter
1313 5721 1534 5790 Herodiadem
1569 5737 1706 5785 uxorem
1741 5717 1845 5780 tralms
1874 5723 1913 5768 sul
