4066 6294
118 288 144 350 5
777 289 1100 360 nnonnccunua.
1632 256 1637 271 '
1746 309 1766 368 ο

118 465 328 550 epndurbem
335 470 518 534 Romanam
530 468 565 532 ln
577 469 917 536 ecelaslaSancthe-

118 569 177 631 tri.
187 569 224 632 et
233 570 347 646 postea
361 584 450 630 anno
465 569 736 648 supranominato
749 571 836 634 idem
846 575 916 634 Ho-

117 667 233 729 norius
245 669 335 745 Papa
348 668 536 730 conradum
557 667 761 733 cardinalem
779 671 914 749 episco-

117 782 198 844 pum
210 765 437 836 Portuensem,
447 781 506 844 pro
518 766 627 843 legato
640 767 681 828 ad
692 769 804 845 partes
816 770 917 832 Tolo'-

119 879 219 926 sanas
240 865 274 926 et
299 863 494 941 Albigenses
519 864 714 928 transmisit.
743 868 784 929 nt
813 867 915 930 etiam

117 962 233 1025 6611611
247 977 334 1024 anno
350 964 484 1025 sanetus
499 963 691 1027 Dominicus
705 964 802 1043 pater
814 966 848 1029 et
862 965 917 1028 in-

117 1061 250 1124 stitutor
273 1061 401 1124 ordinis
427 1063 581 1125 Fratrum
601 1063 860 1126 Praedlcatorum
876 1065 916 1127 de

117 1159 183 1222 boc
204 1159 333 1230 seculo,
354 1158 510 1224 videlicet
531 1163 649 1224 octavo
671 1161 749 1224 Idus
775 1162 916 1240 Augusti

117 1258 162 1320 ad
173 1257 340 1320 Christum
353 1257 520 1335 migravit

160 1357 239 1418 Item
249 1356 337 1435 quod
352 1357 468 1435 postea
482 1371 570 1420 anno
578 1358 729 1437 sequenti
744 1361 918 1437 Raymun·

118 1453 181 1516 dus
192 1469 304 1516 comes
315 1455 473 1533 antiquus
484 1455 668 1518 Tolosanus
681 1457 716 1519 in
724 1472 837 1520 mense
847 1462 918 1520 au-

119 1553 206 1630 gusti
219 1555 326 1616 morte
336 1553 511 1616 subitanea
519 1555 672 1617 decessit.
681 1555 783 1634 Cujus
796 1571 916 1635 corpus

120 1665 179 1728 per
197 1651 442 1740 Hospitalarios
464 1653 500 1715 in
518 1653 616 1716 domo
631 1669 757 1725 eorum,
772 1671 848 1733 quae
866 1655 918 1718 est

120 1749 258 1821 Tolosae,
278 1750 341 1813 luit
354 1751 573 1830 deportatum.
594 1753 658 1814 Sed
679 1752 917 1816 ecclesiasticae

119 1847 300 1926 sepulture
325 1865 392 1912 non
419 1849 483 1912 luit
512 1850 682 1922 traditum,
702 1867 804 1930 quum
829 1851 918 1915 esset

121 1947 474 2010 excommunicationis
500 1947 634 2012 vinculo
653 1947 842 2014 innodatus.
858 1952 917 2028 lp-

118 2061 190 2106 sum
200 2047 444 2124 tamencorpus
454 2047 640 2125 inquodam
654 2048 818 2127 sepulcro,
830 2049 917 2127 quod

118 2143 227 2205 adbuc
241 2143 290 2206 ibi
305 2143 457 2217 babetur,
472 2145 601 2210 exstitit
614 2163 675 2225 per
692 2147 818 2210 amieos
839 2163 918 2210 suos

120 2241 395 2304 commendatum.
417 2245 590 2322 Quumque
610 2246 724 2322 postea
747 2261 807 2324 pro
828 2247 917 2310 tenr-

120 2356 198 2418 pore
210 2341 429 2418 Raymundns
444 2342 579 2406 ultimus
596 2358 707 2406 comes
720 2343 916 2415 Tolosanus,

118 2440 151 2501 et
163 2439 417 2517 nliusejusden
427 2439 615 2518 Raymundi
627 2456 702 2504 cum
714 2441 919 2512 ecclesiast

119 2553 196 2614 rege
218 2537 371 2602 Franciae
394 2555 510 2616 pacem
527 2536 671 2610 iecisset,
687 2539 807 2603 deinde
830 2541 917 2620 apud

120 2635 235 2698 urbem
264 2638 449 2700 Romanam
475 2637 627 2709 accessit,
652 2639 686 2702 et
708 2653 820 2702 coram
847 2639 918 2718 ipso

120 2736 211 2812 Papa
241 2735 396 2814 Honoriog
420 2735 599 2814 perductus
630 2736 672 2799 ad
698 2737 917 2814 probandum,

119 2832 205 2910 quod
213 2832 323 2895 dictus
338 2833 554 2911 Raymundus
567 2835 662 2913 pater
675 2851 755 2902 suus
766 2835 800 2898 in
813 2837 918 2900 morte

118 2947 178 2993 sua
191 2931 395 3003 ostenderat,
409 2933 442 3016 et
462 2931 624 2998 habuerat
642 2934 845 3012 poenitentiae
860 2934 917 2996 in-

117 3028 278 3106 tersigna.
305 3032 414 3103 Quare
438 3029 545 3108 ipsum
568 3026 697 3120 absolvi
720 3032 862 3110 petebat,
886 3033 919 3096 et

118 3127 206 3190 tradi
227 3127 464 3192 ecclesiasticae
487 3129 679 3208 sepulturae,
700 3129 787 3210 quod
807 3130 918 3194 161161

117 3225 189 3304 ipse
201 3241 271 3288 non
285 3227 393 3304 potunt
405 3226 566 3290 obtinere.

155 3327 241 3387 Item
267 3325 354 3403 quod
378 3326 585 3403 postmodum
604 3343 761 3405 processu
786 3329 918 3407 1611116·

115 3423 163 3486 ris
193 3437 285 3485 anno
311 3439 331 3486 a
358 3423 531 3487 nativitate
558 3425 690 3488 Domini
717 3428 917 3500 MCCXXIV,

116 3516 307 3584 almaricus
326 3517 414 3584 alius
439 3522 473 3585 61
490 3521 588 3585 heres
608 3517 808 3587 universalis
826 3539 918 3603 prse-

117 3619 218 3682 clarae
230 3620 401 3682 memoria
415 3620 560 3684 Simonis
574 3622 792 3686 Montisiortis
807 3639 918 3702 qnon-

116 3717 193 3780 dam
218 3717 351 3781 comitis
368 3717 525 3782 Tolosani
543 3720 659 3784 videns
678 3721 711 3784 et
733 3721 917 3798 attendens,

116 3816 204 3898 quod
213 3811 518 3895 proptermalitiam
529 3816 562 3881 et
571 3814 827 3884 inconstantiam
840 3813 920 3882 sub-

116 3909 264 3978 ditorum
282 3925 418 3979 suerum
437 3909 611 3979 comitatus
624 3915 782 3980 Tolosani
795 3912 918 3981 dictum

115 4009 312 4078 comitatum
331 4012 541 4089 Tolosanum,
562 4011 595 4078 et
613 4027 728 4078 omnes
746 4008 917 4079 61166161-

116 4127 172 4174 ras
189 4113 227 4176 in
246 4106 427 4191 albigesio,
443 4109 660 4188 carcassona,
677 4107 870 4190 Biterrensi,
887 4115 919 4178 61

115 4211 321 4288 agennesio,
353 4226 435 4290 quas
454 4211 549 4289 pater
574 4227 654 4273 suus
682 4212 916 4292 acquisiverat,

117 4309 289 4371 Ludovico
308 4308 383 4386 regi
403 4303 554 4372 Francia
569 4308 668 4384 dedit,
685 4311 718 4374 et
732 4307 797 4372 sibi
814 4310 918 4374 libere

117 4407 305 4485 resignavit
317 4407 350 4470 et
362 4407 515 4470 omnibns
525 4408 624 4470 terris
634 4407 708 4472 istis
719 4409 918 4488 supradictis

116 4521 193 4568 enm
206 4504 344 4570 totalem
361 4505 532 4570 constituit
551 4522 788 4570 successorem.
801 4509 918 4581 Quare

116 4603 226 4666 dictus
246 4619 308 4664 rex
326 4603 472 4666 officium
493 4604 765 4668 conestabulatus
789 4611 849 4685 per
867 4601 919 4670 to-

117 4703 188 4764 tum
212 4717 355 4780 regnum
385 4699 536 4766 Franciae
565 4693 787 4766 exercendum
810 4699 918 4768 eidem

115 4798 287 4864 Almarico
301 4799 415 4866 comiti
433 4793 651 4864 Mentisiortis
668 4803 826 4883 tanquam
845 4803 918 4867 viro

116 4899 274 4978 provido,
298 4898 332 4962 et
354 4898 585 4963 strenuissimo
613 4891 711 4964 militi
740 4901 916 4968 commisit.

118 4995 201 5060 Item
216 4996 304 5076 quod
319 4993 453 5060 interim
468 4997 575 5061 dietus
590 4994 757 5063 Honorius
772 5003 863 5078 Papa
878 5000 918 5064 de

117 5109 205 5158 novo
224 5092 317 5159 misit
331 5111 433 5157 unum
452 5095 494 5158 de
509 5095 593 5159 Sede
611 5097 801 5175 apostolica
820 5096 917 5176 lega-

117 5195 198 5268 tum,
215 5193 350 5256 nomine
365 5195 399 5256 61
411 5193 507 5258 titulo
521 5195 705 5259 Romanum
718 5196 831 5259 Sancti
844 5200 918 5260 an-

117 5293 185 5369 geli
203 5291 381 5355 diaconum
402 5291 617 5368 cardinalem,
636 5309 764 5357 summa
788 5291 917 5358 discre-

117 5391 208 5454 tione
218 5391 253 5454 et
264 5388 405 5454 consilio
415 5391 634 5470 approbatum
647 5387 689 5454 ad
703 5389 815 5471 partes
827 5409 918 5472 prae-

118 5487 224 5552 dictas
238 5489 433 5563 Tolosanas,
454 5489 487 5552 et
511 5489 554 5551 ad
580 5506 693 5553 omnes
712 5485 798 5554 alias
811 5489 918 5555 terras

118 5602 178 5665 per
193 5587 362 5652 Simonem
388 5588 468 5651 olim
494 5586 647 5652 comitem
662 5587 862 5652 Tolosanum
886 5587 921 5654 et

118 5685 339 5750 Montislovtis
353 5681 545 5766 acquisitas.
556 5681 630 5762 eri,
642 5701 742 5765 quum
759 5682 793 5750 in
807 5687 917 5751 liran-

969 477 1056 540 ciam
1070 478 1227 555 venisset,
1243 481 1354 544 statim
1369 467 1544 562 requisivit
1555 483 1678 547 dictum
1693 487 1764 547 Lu-

969 575 1122 640 dovicum
1152 595 1265 656 regem
1291 581 1456 655 Franciee,
1485 581 1521 644 ut
1546 583 1644 660 J'uxta
1670 585 1765 662 pacta

970 673 1056 739 iacta
1071 677 1280 756 interipsum
1299 679 1332 742 et
1346 679 1464 742 Sedem
1483 681 1704 759 apostolicam
1724 681 1766 744 ad

970 773 1145 852 praedictas
1169 778 1280 854 partos
1304 778 1419 840 eontra
1440 778 1595 842 inimicos
1610 781 1766 844 Ecclesiae

972 873 1085 935 venire
1100 873 1243 938 deberet.
1258 875 1319 948 Qui
1333 876 1464 956 quidem
1480 893 1542 940 rex
1558 893 1633 940 cum
1646 880 1766 958 magud

970 972 1121 1035 exercitu
1145 972 1178 1035 et
1205 975 1367 1052 apparatu
1387 977 1707 1052 crucesignatorum,
1735 981 1768 1042 et

971 1084 1045 1131 cum
1060 1071 1132 1148 ipso
1146 1071 1266 1149 legato,
1281 1067 1454 1135 morsuum
1476 1074 1586 1152 coepnt,
1601 1076 1633 1138 et
1648 1059 1766 1138 cernua

971 1167 1012 1230 ad
1027 1169 1193 1232 civitatem
1208 1170 1460 1247 Lugdunensem
1477 1175 1638 1250 pervenit,
1655 1175 1688 1236 et
1706 1191 1768 1238 en-

970 1265 1101 1328 indeed
1113 1267 1280 1331 civitatem
1295 1269 1768 1350 avenionensemffaccessitbt

971 1363 1105 1426 interim
1126 1381 1242 1430 omnes
1275 1367 1437 1442 civitates,
1463 1368 1588 1442 castra,
1610 1371 1642 1432 et
1664 1371 1765 1444 villae,

971 1463 1070 1541 atque
1082 1463 1252 1540 fortalitia,
1266 1471 1338 1546 q'uae
1349 1465 1482 1529 luerunt
1492 1467 1621 1530 comitis
1639 1469 1766 1548 antiqui

971 1559 1138 1636 Tolosam,
1155 1563 1190 1625 in
1205 1563 1357 1626 manibus
1379 1563 1458 1628 dicti
1473 1564 1562 1642 regis
1577 1582 1612 1628 se
1627 1567 1769 1629 tradide-

972 1661 1060 1723 runt.
1081 1663 1251 1742 Quumque
1274 1663 1346 1742 ipse
1360 1663 1477 1727 luisset
1496 1679 1598 1744 prope
1617 1666 1766 1728 avenio-

972 1757 1768 1842 nensem,ipserexcumdictolegatoetexercitu

972 1873 1033 1919 suo
1059 1858 1379 1935 crucesignatorum,
1401 1861 1479 1922 tunc
1501 1861 1591 1923 cives
1620 1862 1768 1940 ejusdem

973 1955 1117 2017 civitatis
1146 1955 1257 2018 clavos
1287 1953 1393 2036 ipsius
1423 1955 1568 2020 civitatis
1599 1958 1663 2020 sibi
1698 1960 1771 2021 tra-

973 2053 1137 2128 diderunt,
1161 2054 1249 2117 etse
1278 2053 1341 2117 sibi
1367 2057 1624 2134 supposuerunt.
1646 2058 1769 2120 Verum

973 2168 1074 2230 quum
1091 2151 1197 2214 dictus
1212 2169 1273 2214 rex
1288 2169 1362 2215 cum
1380 2149 1469 2216 omni
1489 2166 1549 2216 suo
1569 2151 1771 2217 (116166161-

974 2249 1041 2312 citu
1065 2266 1126 2328 per
1151 2249 1318 2314 civitatem
1342 2251 1607 2315 avenionensem
1627 2252 1771 2315 transire

972 2347 1083 2422 vellet,
1099 2351 1177 2411 tunc
1192 2349 1256 2428 ipsi
1270 2349 1359 2412 cives
1374 2350 1462 2414 malo
1479 2350 1619 2413 consilio
1633 2351 1769 2424 inducti,

973 2445 1077 2509 libero
1091 2447 1235 2511 transire
1249 2447 1358 2512 eidem
1372 2449 1444 2525 regi
1458 2445 1620 2522 Francia,
1637 2450 1670 2512 et
1684 2449 1771 2512 dicto

975 2543 1137 2606 cardinali
1152 2546 1261 2622 legato
1271 2543 1572 2624 sedisapostolicae
1585 2562 1659 2609 cum
1672 2561 1773 2607 exer-

974 2643 1043 2704 citu
1066 2656 1126 2705 suo
1151 2641 1416 2719 denegaverunt,
1438 2655 1526 2706 anno
1552 2655 1572 2707 a
1598 2643 1772 2707 nativitate

973 2737 1106 2802 Domini
1121 2737 1321 2804 MGCXXVI.

1014 2837 1095 2901 Item
1119 2854 1220 2919 quum
1234 2839 1325 2902 cives
1340 2833 1445 2918 ipsius
1458 2833 1602 2902 civitatis
1621 2839 1771 2902 avenioss

973 2938 1087 2999 nensis
1110 2935 1251 2999 liberum
1274 2931 1451 3002 transitum
1466 2937 1538 3016 regi
1560 2937 1722 3012 mancia,
1740 2939 1773 3000 61

973 3035 1083 3112 legato
1111 3027 1313 3114 supradietis
1345 3028 1579 3112 denegassent,
1602 3036 1677 3098 ideo
1701 3037 1772 3114 ipse

972 3143 1035 3197 rex
1049 3134 1155 3212 ipsam
1168 3125 1336 3198 civitatem
1350 3134 1480 3198 sortiter
1498 3133 1636 3208 obsedit,
1653 3131 1686 3197 et
1699 3150 1773 3197 eam

973 3225 1117 3295 iiriliter
1128 3249 1319 3312 expugnare
1331 3233 1479 3312 incoepit.
1498 3233 1681 3296 Etinterim
1701 3235 1773 3312 ipse

973 3345 1055 3403 rex„
1068 3331 1101 3394 61
1124 3330 1231 3393 dictus
1252 3330 1380 3409 legatus
1411 3329 1573 3395 miserunt
1597 3333 1771 3411 quemdam

973 3429 1237 3492 valentissimum
1253 3429 1363 3494 virum
1378 3429 1664 3508 archiepiscopum
1679 3431 1771 3491 Nar-

972 3524 1153 3587 bonensem
1182 3525 1317 3588 Petrum
1345 3521 1465 3586 amelli
1487 3525 1536 3585 sic
1555 3523 1709 3586 vocatum
1729 3523 1770 3584 ad

974 3623 1085 3700 partes
1114 3617 1312 3695 Tolosanas,
1332 3625 1558 3699 agennenses
1585 3619 1770 3694 albienses

974 3723 1265 3794 carcassonenses,
1275 3721 1493 3794 Biterrenses,
1504 3720 1537 3783 et
1551 3719 1635 3782 alias
1650 3721 1769 3794 terras,

974 3833 1055 3898 quas
1093 3819 1201 3882 dictus
1235 3819 1417 3900 praeclarus
1453 3819 1569 3881 'Simon
1606 3818 1771 3898 quondam

974 3931 1084 3980 comes
1098 3916 1283 3980 Tolosanus
1295 3915 1329 3980 et
1342 3915 1560 3980 Montisiortis
1577 3933 1651 3978 cum
1669 3919 1771 3982 auni-

972 4015 1019 4078 lio
1037 4017 1071 4080 et
1088 4016 1258 4079 voluntate
1285 4014 1380 4084 sedis
1401 4014 1598 4094 apostolice
1617 4011 1653 4076 in
1670 4033 1771 4078 manu

973 4111 1051 4178 sorti
1075 4115 1309 4193 acquisiverat.
1328 4105 1391 4188 Qui
1414 4129 1513 4192 quum
1538 4111 1609 4192 lpse
1634 4114 1770 4176 archie-

972 4211 1128 4292 piscopus
1142 4208 1184 4273 ad
1202 4221 1316 4276 omnes
1334 4205 1411 4272 illas
1427 4213 1534 4272 terras
1553 4212 1768 4288 pervenisset,

972 4309 1084 4372 statim
1109 4319 1225 4372 omnes
1257 4299 1424 4380 civitates,
1455 4307 1579 4379 castra,
1606 4307 1710 4380 villae,
1738 4311 1772 4369 et

973 4405 1225 4474 communitates
1255 4405 1389 4468 nomine
1421 4395 1501 4466 dicti
1534 4404 1706 4480 ludovici,
1739 4408 1772 4468 et

973 4505 1074 4584 legati
1097 4507 1207 4585 ipsum
1224 4497 1405 4567 honorilice
1422 4503 1629 4580 receperunt,
1640 4505 1680 4566 'et
1696 4504 1770 4566 cla-

972 4617 1031 4672 ves
1049 4604 1221 4668 civitatum
1237 4604 1271 4665 et
1287 4601 1470 4666 castrorum
1492 4599 1555 4663 sibi
1573 4598 1678 4666 libere
1695 4601 1770 4667 tra-

973 4704 1138 4767 diderunt.
1597 4699 1604 4714 “

1013 4803 1095 4865 Item
1118 4800 1205 4882 quod
1226 4817 1327 4880 quum
1347 4800 1456 4864 dictus
1478 4815 1540 4862 rex
1561 4799 1721 4871 Franciae,
1741 4801 1774 4861 et

973 4901 1101 4978 legatus
1110 4917 1183 4964 cum
1196 4900 1346 4972 exercitu
1356 4898 1659 4977 crucesignatorum
1672 4896 1771 4960 lorti-

971 4998 1024 5062 ter
1035 4999 1156 5063 dictam
1165 4998 1332 5078 civitatem
1343 4997 1608 5076 avenionensem
1620 5013 1695 5058 cum
1709 5011 1775 5057 ma·

972 5113 1038 5175 gna
1048 5091 1189 5160 audacia
1200 5095 1461 5176 impugnassent,
1477 5095 1511 5162 et
1519 5094 1610 5160 cives
1626 5094 1773 5172 ejusdem

973 5187 1771 5272 civitatisviriliter,stulteriusjuxtasuperbiam,

972 5287 1120 5371 fraudes,
1131 5296 1164 5357 et
1176 5288 1321 5358 malitias
1334 5301 1448 5356 eorum
1462 5291 1636 5356 consuetas
1644 5291 1773 5370 judicio
1865 5323 1870 5335 ·

973 5387 1097 5468 divino,
1114 5394 1212 5472 atque
1230 5384 1356 5454 ultione
1382 5406 1417 5452 se
1440 5383 1616 5454 defendere
1631 5405 1698 5452 non
1713 5406 1773 5452 va-

973 5493 1089 5566 lentes,
1112 5491 1191 5554 tunc
1208 5483 1273 5568 ips'i
1289 5487 1427 5569 praelato
1448 5487 1521 5566 regi
1540 5503 1577 5551 se
1598 5489 1632 5551 et
1651 5475 1772 5549 dictam

974 5586 1770 5662 civitatemliberetradideruntanno,qnosupra,

974 5689 1080 5769 pridie
1109 5675 1183 5750 idus
1203 5685 1415 5766 Septembris.
1443 5685 1504 5758 Qui
1527 5677 1658 5759 quidem
1681 5679 1772 5744 cives
