3984 6292
69 327 133 388 437

69 485 214 548 fuerunt.
237 483 357 547 Potitis
377 483 466 545 enim
486 480 713 560 Langobardis
734 484 869 562 regibus

70 583 255 646 exarchatu
279 585 461 657 Ravennae,
489 581 596 660 iisque
609 585 749 646 Romam
761 585 870 662 ipsam

69 696 233 759 occupare
259 680 461 753 nitentibus,
493 680 681 758 Stephanus
709 683 739 743 ll
760 684 867 760 Papa,

70 796 160 842 auno
185 778 404 851 (1111111754,
435 778 562 840 (tallias
586 779 714 856 patene,
736 780 870 858 Pippini

68 879 160 955 regis
173 893 269 954 opem
284 876 485 955 imploravit,
496 893 595 954 quam
610 876 650 938 ab
663 878 871 955 imperatori·

68 977 133 1038 bus
147 975 524 1052 constantinopolitanis
540 990 676 1053 sperare
691 992 758 1038 non
770 978 869 1054 pote-

69 1077 136 1148 rat,
152 1089 341 1152 quanquam
356 1073 397 1135 de
413 1089 528 1136 eorum
543 1073 643 1136 rebus
656 1075 714 1136 aut
725 1090 869 1153 recupe-

69 1171 195 1246 randis,
204 1171 262 1234 eut
275 1172 514 1234 conservandis
529 1174 696 1250 ageretur.
709 1172 870 1251 Pippinus

68 1269 181 1332 valido
200 1270 352 1332 exercitu
365 1269 417 1332 bis
432 1272 560 1344 coacto,
576 1269 706 1333 Italiam
732 1270 870 1334 subinde

69 1369 252 1445 ingressus,
269 1367 526 1444 langobardum
546 1368 588 1432 ad
607 1385 723 1446 pacem
749 1371 869 1447 peten-

70 1467 148 1528 dam
161 1465 287 1543 adegit3
301 1466 517 1529 exarchatum
532 1482 611 1530 vero
622 1467 663 1530 ab
674 1468 871 1544 usurpatore

67 1563 253 1634 dimissum,
264 1564 369 1627 veluti
379 1581 450 1626 rem
461 1564 527 1626 sibi
537 1565 868 1642 paratamjurebelli,

70 1665 228 1725 Romanae
249 1661 406 1725 Ecclesiae
427 1663 514 1724 dono
534 1661 635 1725 dedit.
651 1663 738 1726 ilinc
759 1665 869 1726 autem

69 1761 229 1822 Romanis
263 1759 483 1823 Pontificibus
515 1761 557 1823 ad
590 1763 718 1840 maiora
745 1777 869 1824 conse·

68 1857 210 1936 quenda,
227 1859 261 1920 et
272 1857 314 1921 ad
329 1858 568 1920 dominandum
582 1859 618 1921 in
630 1858 704 1938 ipsa
719 1861 870 1922 Romana

72 1956 171 2030 Urbe,
184 1955 309 2034 gradus
321 1959 372 2020 est
384 1955 490 2020 lactus
506 1977 514 2020 c
531 1973 670 2037 quorum
682 1958 870 2036 exemplum

69 2055 214 2116 minores
239 2054 354 2128 sedes,
380 2057 418 2117 ut
441 2071 579 2134 quaeque
606 2056 725 2134 potuit,
750 2056 870 2119 deinde

69 2153 245 2227 aemulatae,
261 2169 369 2231 neque
383 2153 492 2216 solum
507 2154 668 2233 episcopi,
684 2154 742 2217 sed
758 2155 791 2218 et
804 2171 871 2218 mo·

68 2252 215 2314 nasleria
234 2253 394 2326 virorum,
422 2251 489 2314 imo
514 2253 547 2316 et
573 2252 783 2327 feminarum,
813 2254 870 2316 aut

69 2349 196 2426 amplas
211 2350 363 2413 civitates
374 2351 550 2428 regendas,
563 2354 621 2415 aut
631 2351 768 2415 castella
782 2352 871 2415 inte-

69 2464 140 2524 gra,
157 2447 267 2510 aliave
286 2449 481 2527 temporalis
495 2449 746 2524 dominationis,
763 2451 796 2514 et
809 2467 868 2513 re-

71 2546 198 2621 galium
219 2546 345 2624 jurium
363 2547 485 2622 frusta,
515 2546 580 2610 sihi
605 2549 867 2626 conquisierunt.

69 2645 240 2707 curtante
264 2661 304 2708 ac
323 2647 391 2708 tam
412 2645 583 2724 splendida
606 2647 755 2709 accessio
781 2646 868 2710 lacta

69 2741 429 2820 sueritcleriopibus,si
438 2760 574 2806 causam
586 2745 681 2822 petie,
694 2760 869 2807 nonunam

70 2840 202 2903 adferre
217 2857 363 2918 possum.
385 2842 509 2915 Prima,
525 2843 623 2920 atque
641 2843 789 2905 omnium
808 2858 870 2921 po-

69 2938 197 2998 tissima
221 2938 303 3000 mibi
329 2939 462 3001 videtur
483 2941 711 3004 Peccatorum
732 2944 870 3004 redem-

65 3036 150 3109 ptio,
168 3035 209 3098 de
229 3053 294 3114 qua
309 3035 393 3110 tuse,
406 3037 441 3099 in
456 3037 691 3102 dissertatione
707 3041 747 3102 68
759 3039 868 3102 actum

70 3135 129 3196 est.
154 3135 282 3211 Nempe
302 3135 428 3212 iniquis
447 3137 489 3198 iis
510 3136 714 3215 temporibus
734 3137 817 3200 vitia
837 3138 870 3200 et

70 3231 209 3294 crimina
219 3233 321 3296 latius
333 3234 434 3296 etiam
445 3251 544 3313 quam
553 3237 668 3298 nostru
679 3252 750 3299 aevo
763 3235 871 3298 abun-

70 3329 209 3393 dabant:
223 3331 322 3409 atque
336 3331 408 3394 baec
421 3331 535 3394 eadem
547 3349 705 3410 perversa
717 3333 790 3396 lues
802 3349 869 3396 non

70 3443 145 3490 raro
160 3428 298 3492 afflabat
312 3431 402 3507 ipses
417 3447 529 3493 rerum
544 3431 707 3504 dominos,
724 3433 870 3510 impera-

69 3527 168 3600 tores,
184 3542 293 3602 regeS,
309 3543 348 3589 ac
362 3529 541 3607 principes
559 3529 678 3606 quibus
693 3530 870 3608 propterea

70 3624 305 3698 poenitentibus
325 3626 496 3688 canonice
514 3643 631 3704 poenae,
653 3629 733 3690 tunc
747 3629 870 3690 mirum

70 3721 102 3780 in
112 3721 247 3784 modum
255 3721 416 3800 vigentes,
431 3739 450 3785 a
463 3724 568 3786 sacris
579 3725 737 3788 Ecclesiae
748 3725 869 3788 minis·

70 3819 126 3880 tris
148 3819 391 3883 indicebantur.
408 3821 509 3884 Nulla
531 3822 598 3884 alia
617 3825 690 3887 erat
708 3823 870 3902 evadendi

66 3918 281 3995 jeJuniorum,
294 3919 501 3998 aliarumque
513 3921 739 3998 expiationum
752 3937 869 3984 sacra-

72 4031 139 4076 rum
154 4031 241 4077 onus
263 4017 469 4095 principibus
480 4018 574 4091 viris,
599 4035 698 4096 quam
718 4035 791 4097 quae
810 4036 871 4098 po-

72 4113 157 4189 pulo,
174 4113 304 4176 scilicet
319 4115 531 4194 eleemosyna
546 4115 580 4177 in
603 4119 780 4194 pauperes,
799 4117 870 4180 sive

72 4209 255 4274 oblationes
280 4213 493 4290 praediorum,
521 4213 653 4292 aliaque
680 4214 870 4293 hujusmodi

72 4307 154 4371 dona
178 4309 284 4372 sacris
305 4311 389 4374 locis
415 4315 513 4390 atque
539 4311 700 4389 collegiis.
729 4313 869 4376 Multum

72 4407 180 4469 tamen
204 4407 365 4471 intererat
390 4408 478 4472 inter
496 4409 588 4487 vulgi
611 4423 651 4472 ac
670 4425 786 4486 regum
810 4423 869 4472 re-

72 4502 276 4582 demptiones
298 4527 305 4567 :
333 4507 463 4568 minora
484 4507 574 4570 euim
595 4524 656 4585 pro
682 4507 870 4570 conditione

74 4599 241 4664 bominum
256 4619 296 4665 ac
310 4603 503 4666 divitiarum
521 4605 743 4682 exigebantur
761 4621 781 4668 a
804 4621 869 4683 po·

73 4699 158 4774 pulo,
199 4705 327 4780 majora
353 4719 433 4766 vero
468 4719 488 4764 a
527 4703 642 4781 populi
668 4703 868 4777 rectoribus;

73 4799 137 4859 tum
156 4799 243 4877 quod
262 4801 398 4876 gravius
412 4801 498 4879 apud
512 4804 616 4864 Deum
627 4801 727 4879 pendi
742 4801 871 4864 soleant

75 4897 244 4974 complura
268 4897 457 4975 principum
485 4898 644 4975 crimina;
669 4899 739 4960 tum
769 4899 870 4962 etiam

76 4995 156 5068 quod
182 4995 449 5072 magnificentius
470 5012 551 5072 erga
576 4999 680 5059 Deum
706 4997 870 5073 agendum

75 5093 121 5152 est
134 5092 218 5156 viris
233 5093 433 5170 potentibus,
450 5097 483 5157 et
496 5096 588 5156 tanta
602 5095 764 5157 bonorum
776 5095 871 5173 copia

76 5189 295 5261 adluentibus,
307 5207 406 5268 quam
419 5192 610 5254 bominibus
620 5192 770 5272 privatis.
785 5193 870 5256 Exi-

76 5301 171 5360 guum
194 5289 281 5351 enim
303 5289 461 5368 pauperis
480 5290 602 5352 donum
622 5290 768 5354 oblatum
789 5294 868 5365 Deo,

76 5387 196 5458 grande
211 5387 377 5449 interdum
392 5388 456 5450 sit:
473 5388 727 5462 1111111111,1111
741 5389 870 5468 princi-

77 5483 124 5557 pis
140 5485 275 5558 oblatio,
303 5485 331 5546 si
350 5486 479 5550 modica
504 5487 557 5559 sit,
578 5487 663 5550 nihil
680 5487 784 5552 ierme
803 5488 867 5564 est3

78 5581 229 5662 nulloque
250 5599 325 5646 cum
360 5584 515 5648 donantis
548 5585 757 5650 incommodo
784 5601 869 5650 con-

75 5679 199 5754 juncta,
238 5681 347 5760 potius
380 5683 422 5745 ad
450 5683 624 5747 avaritiam
647 5684 867 5764 prodendam,

713 323 839 388 nisan
860 321 1074 388 GENSUUM.

1666 325 1725 386 aaa
1762 275 1768 282 .

925 503 1023 564 quam
1038 485 1079 548 ad
1092 483 1303 569 redimendas
1315 484 1526 562 peccaturum
1537 499 1652 570 poenas
1665 500 1726 562 ap·

924 584 1055 646 tissima
1068 584 1128 645 est.
1146 583 1365 656 Quamobrem
1380 599 1587 646 consuevere
1599 584 1726 661 princi-

925 698 1038 759 pesae
1059 681 1226 758 praecipue
1241 698 1336 758 reges
1356 683 1389 745 11
1410 682 1639 760 imperatores,
1658 695 1726 743 non

926 780 1050 857 praedia
1066 779 1173 840 solum
1194 781 1227 842 et
1249 780 1370 854 curtes,
1386 781 1486 858 idque
1501 797 1601 858 saepe,
1616 779 1726 842 eccle-

925 877 984 940 siis
999 877 1121 940 0fferre
1131 878 1229 955 atque
1243 878 1362 954 largiri
1377 892 1436 955 pro
1452 879 1628 940 criminum
1643 893 1725 938 suo-

924 992 998 1038 rum
1013 975 1224 1050 remissione,
1243 975 1301 1038 sed
1323 975 1461 1038 castella
1482 976 1594 1047 etiam,
1611 974 1723 1048 urbes,

925 1075 1111 1148 comitatus,
1129 1073 1309 1142 marchias.
1322 1073 1471 1148 ducatus,
1483 1074 1616 1154 aliaque
1626 1090 1726 1152 rega-

925 1172 970 1235 lia
980 1176 1075 1252 jura,
1091 1173 1232 1236 vetustis
1252 1172 1443 1234 muneribus
1458 1189 1544 1235 nova
1566 1173 1725 1236 addentes

925 1271 961 1332 in
976 1271 1058 1345 dies,
1073 1273 1132 1334 aut
1145 1271 1264 1334 saltem
1277 1271 1390 1335 vetera
1404 1271 1649 1335 confirmantes.

964 1371 1145 1432 Henetiam
1158 1371 1255 1432 titulo
1263 1372 1387 1447 praeter
1400 1369 1630 1444 exarchatum,
1639 1368 1725 1438 alias
1781 1389 1786 1398 ·

925 1485 1055 1548 quoque
1067 1469 1221 1546 regiones
1235 1469 1356 1532 Sancto
1367 1469 1466 1532 Petro
1474 1468 1634 1532 obtulisse
1646 1484 1724 1530 cre·

924 1565 1024 1629 dendi
1057 1569 1134 1632 sunt
1157 1567 1318 1645 Pippinus
1342 1568 1376 1631 11
1403 1567 1541 1630 Carolus
1568 1568 1723 1643 Magnus,

925 1665 1130 1726 Francorum
1156 1681 1268 1742 reges3
1295 1664 1395 1742 idque
1422 1665 1565 1726 innuere
1592 1663 1725 1727 videtur

924 1761 997 1840 ipse
1015 1762 1204 1825 Hadrianus
1228 1765 1253 1836 Ι,
1280 1765 1382 1839 Papa,
1405 1762 1440 1824 in
1457 1762 1588 1840 epistol.
1613 1763 1663 1836 92,
1682 1763 1724 1824 ad

924 1860 1075 1922 eumdem
1113 1860 1291 1934 carolum,
1322 1860 1358 1922 in
1393 1860 1513 1923 Codice
1542 1860 1723 1934 carolino,

924 1959 1009 2036 part.
1023 1973 1059 2032 11,
1068 1958 1146 2020 tom.
1161 1961 1218 2022 111.
1234 1962 1316 2020 lter.
1333 1959 1488 2022 Italicur.
1503 1957 1552 2019 Ibi
1564 1959 1724 2036 decapua

924 2056 1041 2119 scribit
1056 2056 1222 2128 Pontifex,
1234 2071 1338 2131 qaaam
1352 2057 1450 2119 beate
1461 2056 1570 2119 Petro
1583 2057 1726 2132 Aposto-

925 2155 1041 2218 terum
1062 2158 1215 2232 prtactpa
1236 2169 1304 2232 pro
1319 2157 1478 2217 mercede
1503 2157 1725 2217 1111111111-

924 2253 1008 2327 tace,
1037 2254 1141 2329 utque
1174 2254 1389 2330 sempiterno
1419 2255 1606 2326 electuaria,
1645 2267 1725 2316 curn

922 2352 1048 2416 ceteris
1066 2352 1263 2415 civitatibus
1283 2351 1462 2416 obtulistis.
1475 2349 1632 2412 Eamdem
1644 2367 1726 2428 pec-

924 2449 1072 2513 catorum
1092 2449 1316 2528 expiationem
1333 2464 1403 2526 prae
1427 2447 1544 2518 oculis,
1569 2450 1606 2510 ut
1630 2449 1721 2525 puto,

923 2545 1070 2610 habuere
1085 2547 1187 2611 ceteri
1210 2546 1377 2625 principes
1398 2545 1432 2609 et
1448 2559 1557 2622 reges,
1574 2547 1631 2624 qui
1650 2548 1722 2609 Ro-

923 2661 1030 2708 manae
1045 2645 1201 2708 Ecclesiae
1216 2645 1274 2708 aut
1290 2644 1377 2708 dono
1392 2644 1565 2718 dederunt,
1582 2645 1640 2708 aut
1662 2645 1725 2706 tri-

922 2743 1055 2806 butaria
1067 2743 1250 2807 effecerunt
1269 2758 1373 2819 regna
1392 2758 1453 2804 sua
1464 2743 1535 2804 sive
1547 2740 1721 2819 principa-

922 2843 987 2914 tus,
1006 2842 1064 2905 aut
1077 2841 1188 2904 urbes.
1212 2844 1249 2903 ln
1275 2857 1416 2919 quorum
1440 2855 1579 2903 numero
1594 2841 1725 2902 constat

923 2939 1003 3002 olim
1031 2939 1135 3002 inisse
1159 2955 1262 3016 regna
1290 2937 1480 3017 Hispaniae,
1509 2938 1722 3016 Arragoniae,

923 3038 1115 3112 Lusitaniae,
1134 3037 1295 3110 Poloniae,
1316 3037 1443 3110 Daniae,
1460 3037 1641 3108 Bobemiae,
1654 3039 1724 3099 An-

923 3136 1011 3213 gliae,
1026 3135 1206 3210 Hiberniae,
1220 3136 1414 3214 Hungariae,
1435 3135 1561 3209 atalia,
1575 3151 1648 3213 quae
1666 3134 1724 3196 diu

923 3234 1164 3314 quodammodo
1184 3234 1314 3313 injure
1337 3234 1451 3297 Sancti
1472 3233 1573 3308 Petri,
1595 3232 1653 3296 aut
1672 3233 1724 3294 ei-

924 3332 997 3396 dem
1010 3336 1168 3396 Romanae
1174 3333 1331 3396 Ecclesiae
1342 3349 1477 3396 censum
1490 3332 1724 3404 1111111111-

922 3432 989 3494 tem
1008 3431 1201 3508 temporalis
1225 3431 1453 3509 subjectionis,
1477 3429 1719 3507 persolverunt.

925 3528 989 3590 Sed
1004 3529 1211 3606 potissbnum
1227 3528 1349 3591 saeculo
1362 3528 1509 3604 vulgaris
1525 3543 1602 3590 aerae
1617 3524 1724 3587 unde-

924 3627 1021 3701 cim0,
1038 3626 1229 3706 hujusmodi
1244 3625 1469 3690 oblationibus
1481 3626 1579 3688 aucta
1593 3626 1644 3687 est
1660 3628 1724 3688 Ro·

924 3741 1100 3788 manorum
1116 3726 1313 3791 Pontificum
1326 3725 1473 3803 potentia
1485 3726 1584 3804 atque
1596 3726 1723 3803 majes-

923 3825 986 3888 tas.
1003 3826 1040 3886 In
1051 3823 1093 3886 iis
1103 3823 1192 3886 enim
1206 3823 1438 3903 perquirendis
1450 3839 1491 3886 ac
1505 3821 1723 3902 procurandis

924 3923 1103 3986 sollicitum
1127 3939 1164 3985 se
1187 3939 1256 4001 prae
1281 3922 1402 3985 ceteris
1422 3921 1565 4000 praebuit
1582 3937 1724 3998 magnus

925 4021 981 4082 ille
993 4021 1178 4084 Pontificiae
1195 4020 1367 4098 dignitatis
1384 4021 1533 4082 assertor
1547 4020 1581 4082 et
1598 4036 1724 4098 prepu-

923 4119 1042 4195 gnator
1057 4118 1236 4194 Gregorius
1253 4118 1425 4196 septimae,
1433 4117 1481 4179 uti
1494 4133 1537 4178 en
1552 4121 1624 4194 ejus
1639 4117 1725 4194 epis·

924 4216 981 4279 111.
996 4218 1027 4289 3,
1041 4214 1099 4276 lib.
1116 4218 1161 4277 IX
1173 4216 1273 4293 patet,
1289 4215 1325 4276 in
1338 4231 1403 4294 qua
1418 4215 1608 4292 episcopum
1623 4215 1725 4276 Pata-

923 4314 1071 4376 viensem
1093 4312 1220 4386 monet,
1243 4315 1280 4376 11
1301 4313 1535 4390 Welpbonem,
1559 4311 1724 4390 Bajoariae

924 4409 1724 4490 ducem,ali0squeGermaniaeprincipesquanta

924 4509 1040 4589 possit,
1060 4525 1142 4570 cura
1159 4502 1294 4570 inducat
1312 4507 1354 4569 ad
1374 4506 1600 4585 subjiciendas
1613 4506 1724 4569 terras

924 4624 1003 4671 suas
1016 4609 1138 4670 Sancto
1151 4608 1250 4668 Petro
1259 4621 1327 4682 pro
1338 4621 1484 4668 suarzaa
1501 4605 1725 4682 peccatorum

924 4705 1143 4769 absolutione.
1166 4707 1214 4766 En
1237 4706 1309 4781 ejus
1330 4702 1431 4765 verba
1447 4725 1454 4764 ε
1470 4720 1489 4764 c
1505 4703 1541 4790 Si
1560 4703 1724 4765 Henricus

925 4804 1010 4865 sorte
1038 4800 1302 4878 Langobardiam
1328 4801 1518 4873 intraverit,
1544 4801 1724 4864 admonere

925 4902 1088 4970 11111111,
1109 4899 1281 4962 carissime
1304 4899 1419 4973 irater,
1439 4899 1592 4962 volumus
1608 4899 1724 4962 ducem

924 4998 1156 5077 welphonem,
1173 4999 1210 5060 ut
1228 4997 1421 5060 fidelitatem
1436 4997 1532 5060 beato
1552 4999 1650 5061 Petro
1669 4998 1724 5059 ia-

925 5099 1001 5171 ciat,
1019 5096 1107 5160 11111
1122 5112 1229 5160 comm
1242 5096 1455 5174 imperatrice
1469 5097 1596 5173 Agnete
1611 5100 1646 5158 et
1659 5096 1727 5175 epi-

925 5211 1024 5273 scopo
1039 5197 1198 5267 Cumano,
1218 5209 1347 5258 mecum
1372 5194 1548 5272 disposuit,
1566 5210 1724 5258 concesso

925 5294 988 5356 sibi
1003 5293 1224 5372 postmortem
1237 5291 1342 5370 patris
1354 5294 1426 5370 ejus
1438 5291 1611 5356 beneflcio.
1628 5294 1725 5356 Illum

925 5393 1012 5456 enlm
1027 5393 1131 5455 totum
1146 5391 1181 5452 in
1196 5390 1324 5468 gremio
1338 5389 1427 5452 beati
1445 5391 1536 5452 Petri
1554 5390 1726 5453 desidera-

925 5507 998 5552 mus
1009 5490 1184 5563 collocare,
1195 5487 1279 5550 etad
1293 5491 1366 5566 ejus
1380 5488 1553 5551 servitium
1568 5490 1726 5566 speciali-

925 5592 976 5652 ter
992 5601 1186 5666 provocare.
1213 5589 1318 5659 Quam
1338 5587 1542 5648 voluntatem
1567 5586 1648 5648 siin
1670 5602 1722 5660 ee,

924 5687 976 5753 vel
999 5686 1099 5748 etiam
1119 5684 1155 5746 in
1174 5683 1251 5746 aliis
1279 5683 1467 5763 petentibus
1495 5683 1587 5756 viris,
1612 5699 1725 5748 amore
