4004 6302
301 317 359 382 aar
764 308 941 374 nononn
961 309 1007 371 111
1029 305 1176 370 orani.
1193 335 1230 352 -
1246 305 1478 372 sermones.
1886 315 1958 376 732
1994 319 1995 324 κ

302 475 396 542 noris
412 471 561 538 scientiae
585 472 626 536 de
650 488 716 552 qua
733 491 743 534 r
758 476 841 536 Noe
854 471 946 534 nocti
965 468 1096 532 iudicat
1148 469 1193 530 cd
1215 469 1331 532 instar
1351 471 1473 544 puncti
1500 467 1573 550 (xx,
1599 467 1645 554 ὅ).
1669 474 1734 536 Per
1753 473 1954 550 avaritiam,

302 572 484 634 scientiam
497 568 565 650 (Ps.
582 571 631 642 18,
646 565 693 648 3).
707 568 753 630 iii
766 567 960 642 iniquitatis
974 565 1015 625 de
1030 579 1094 642 qua
1149 566 1279 644 quando
1303 566 1402 628 homo
1421 569 1564 648 jejunat,
1584 571 1618 632 et
1640 571 1726 650 quod
1745 572 1843 636 debet
1864 575 1956 636 dare

302 669 477 748 Apostolus
494 688 502 728 t
519 665 897 739 antemeridianis
918 662 1095 724 dormiunt
1149 664 1349 742 pauperibus
1364 667 1494 742 reponit
1515 666 1579 728 sibi
1597 668 1651 730 vel
1672 670 1824 732 comedit.
1848 672 1955 733 Unde

303 768 338 830 et
351 770 410 842 qui
422 769 509 828 ebrii
522 765 614 838 sunt,
630 754 728 827 nocie
742 762 919 826 cortisani
934 759 963 840 (Ι
977 760 1092 822 Thess.
1148 761 1305 824 Dominus
1327 779 1387 840 per
1403 763 1598 828 Zachariam
1620 783 1626 826 :
1646 771 1822 842 Nantuatid
1846 772 1955 842 jeiu-

301 880 334 936 r,
357 861 403 944 7).
428 861 468 923 Et
489 861 721 922 damnationis
748 859 899 930 aeternae,
927 858 1056 935 deque
1085 878 1092 918 :
1148 862 1433 933 uiumjeiunasti
1455 865 1550 934 mihi,
1575 868 1830 939 computenda
1849 869 1955 928 uobis

299 960 467 1034 Prajicite
506 975 585 1021 eum
624 961 662 1020 ic
701 959 859 1020 tenebras
899 956 1095 1019 aetatiores
1147 957 1303 1032 metipsis
1312 959 1506 1022 comedistis
1515 961 1550 1022 et
1560 961 1688 1024 bibistis
1701 960 1812 1041 (zach.
1823 980 1882 1036 vn,
1895 962 1950 1042 5).

302 1056 433 1138 (Matth.
461 1071 552 1130 xxn,
580 1054 645 1136 13).
678 1056 809 1119 Primus
835 1055 905 1118 dies
929 1053 1095 1116 illuminat
1150 1053 1221 1116 Sibi
1245 1055 1377 1134 jejunat
1406 1056 1462 1134 qui
1493 1057 1578 1134 quod
1604 1058 1768 1122 subtrahit
1795 1062 1951 1138 corpori,

299 1156 436 1228 terram,
457 1153 621 1217 secundus
644 1169 776 1232 corpus,
792 1152 913 1215 tertius
935 1153 1092 1225 animam,
1148 1153 1279 1229 reponit
1298 1153 1372 1215 sihi.
1387 1153 1563 1231 Apostolus
1577 1155 1693 1218 dehac
1708 1156 1788 1220 dicit
1803 1179 1811 1218 :
1825 1161 1954 1220 Radicc

301 1254 438 1334 quartus
460 1267 579 1330 corpus
603 1251 637 1314 et
658 1253 815 1312 animam.
831 1251 972 1312 Econtra
986 1249 1093 1328 prima
1148 1253 1950 1336 omniummaiorumcsiauaritiat'iim.r1,10).

300 1367 369 1414 nox
380 1349 535 1412 obscurat
545 1350 680 1422 terram,
693 1348 837 1410 secunda
853 1363 983 1424 corpus,
996 1346 1093 1410 tertia
1148 1347 1229 1409 item
1257 1368 1265 1410 ε
1293 1349 1410 1410 Omnis
1436 1351 1629 1424 fornicator
1655 1352 1717 1414 cut
1742 1356 1953 1416 immundus

300 1450 458 1521 animam,
472 1447 591 1525 quarta
604 1463 723 1525 corpus
735 1447 769 1508 et
779 1446 935 1510 animam.
950 1444 1095 1516 Quadra·
1147 1446 1208 1508 cut
1217 1461 1347 1508 coemes
1357 1462 1427 1510 non
1437 1447 1952 1528 bubeiitcarediiateminrepno

300 1546 393 1624 ginta
421 1546 532 1624 itaque
560 1543 676 1606 diebus
704 1544 737 1608 et
764 1543 915 1606 noctibus
944 1543 1093 1604 Christus
1149 1543 1275 1606 Christi
1289 1544 1409 1606 cilici.
1997 1597 1998 1620 ,

301 1643 467 1723 corporali
475 1643 604 1722 jejunio
615 1643 791 1721 jejunarit,
806 1641 842 1704 ut
852 1657 912 1703 nos
927 1639 1093 1719 spirituali
1187 1643 1252 1702 Per
1265 1641 1376 1717 gulam
1389 1664 1397 1718 ;
1414 1644 1545 1720 quando
1560 1645 1660 1706 nimis
1670 1646 1776 1723 replet
1789 1647 1949 1708 ventrem

295 1741 426 1820 ieiunio
448 1741 483 1802 in
508 1739 623 1802 diebus
642 1739 882 1818 prosperitatis,
900 1739 932 1801 et
953 1738 988 1798 in
1012 1753 1094 1800 noo-
1148 1754 1254 1812 suum,
1283 1739 1336 1802 rel
1362 1741 1505 1803 comedit
1528 1757 1604 1804 cum
1625 1759 1745 1820 magna
1768 1744 1949 1806 ariditate.

299 1839 387 1902 tibus
420 1837 630 1900 adversitatis
658 1837 796 1900 avitiis
825 1835 1007 1916 jejunando
1034 1851 1094 1914 per
1148 1836 1241 1899 Unde
1250 1835 1367 1900 heatus
1381 1839 1559 1915 Gregorius
1570 1841 1643 1902 κεί
1657 1856 1777 1918 corpus
1788 1841 1952 1904 inresec-

298 1936 492 2013 decalogum
512 1937 621 2012 Legis,
638 1935 670 1998 et
684 1935 932 2014 quaternarium
949 1949 1094 2009 evange-
1146 1934 1248 1997 tionis
1268 1935 1487 1998 delectatione
1505 1937 1694 2011 resolvitur,
1715 1953 1794 2002 caro
1811 1939 1879 2002 cito
1901 1939 1950 2001 ad

298 2035 436 2108 liorum,
462 2034 762 2112 quadragenarium
790 2033 998 2111 impleamus.
1029 2031 1090 2094 Sed
1147 2031 1318 2096 libidinem
1337 2033 1538 2100 effraenatur.
1553 2035 1672 2097 »Unde
1686 2037 1720 2098 in
1736 2036 1947 2114 evangelio:

299 2133 336 2194 in
370 2133 500 2212 jejunio
544 2132 672 2194 esuriit.
716 2131 827 2203 Quidi
865 2132 940 2194 Nou
983 2129 1092 2192 cibum
1145 2131 1319 2194 Attendite
1333 2134 1850 2209 ncgaudeautcordcoestrciu
1859 2151 1948 2197 cra-

299 2229 460 2308 corporis,
477 2245 552 2292 cum
576 2230 608 2292 et
630 2229 702 2308 ipse
724 2229 767 2290 sit
785 2227 889 2301 cibus,
905 2227 963 2290 sed
982 2227 1092 2290 cibum
1141 2235 1225 2303 poia
1239 2230 1273 2292 et
1287 2231 1451 2293 ebrietate
1471 2228 1564 2310 (Luc.
1582 2246 1655 2301 xxi,
1670 2229 1735 2312 34).
1750 2233 1860 2303 Quare
1875 2235 1950 2294 Do-

296 2328 429 2392 meutis.
453 2329 565 2401 Beati,
588 2327 706 2404 inquit,
723 2329 782 2402 qui
808 2327 966 2389 esurirent
990 2326 1023 2388 et
1043 2329 1093 2388 si-
1146 2327 1255 2389 minus
1288 2328 1428 2392 dixisset
1454 2327 1518 2392 hoc
1545 2328 1694 2402 uerbum,
1723 2328 1790 2391 nisi
1817 2329 1948 2392 diffusa

298 2427 389 2490 lieni
409 2427 587 2500 justitiam
611 2423 741 2505 (Mattb.
763 2441 796 2498 v,
816 2422 862 2505 6).
889 2427 959 2486 Hac
981 2424 1092 2487 esurie
1146 2425 1336 2488 commestio
1352 2427 1552 2503 essetgrare
1568 2429 1763 2505 peccatumi
1782 2427 1868 2489 Gula
1888 2427 1948 2491 at-

297 2523 369 2604 ipso
391 2541 459 2586 non
482 2540 587 2596 suam,
606 2523 664 2586 sed
681 2523 773 2585 tuam
789 2523 907 2584 esuriit
913 2523 1090 2601 justitiam.
1145 2523 1260 2586 tenuat
1283 2539 1418 2586 carnem
1437 2524 1581 2586 hominis
1602 2525 1679 2603 quia
1696 2525 1791 2588 multi
1810 2525 1946 2588 tantum

297 2623 335 2686 Si
364 2638 444 2699 ergo
475 2621 607 2696 esuriit,
635 2620 794 2699 numquid
824 2637 891 2683 non
921 2620 1015 2682 dabis
1041 2620 1091 2682 illi
1145 2621 1321 2685 comedunt
1336 2621 1422 2700 quod
1436 2621 1648 2685 infirmantur
1664 2623 1718 2686 vel
1738 2623 1943 2686 moriuntur.

295 2721 517 2782 manducaret
530 2721 618 2784 Num
633 2719 803 2797 permittes
818 2735 894 2781 eum
908 2717 996 2780 lame
1008 2718 1092 2780 deii-
1145 2719 1228 2782 Gula
1243 2719 1393 2783 debihtat
1407 2720 1574 2794 virtutem,
1591 2721 1670 2800 quia
1685 2720 1837 2783 homines
1849 2721 1946 2782 mul-

295 2834 372 2880 cere
396 2818 453 2898 qui
476 2819 508 2881 te
522 2817 613 2881 uenit
635 2817 795 2880 reticeret
818 2821 903 2879 Cum
919 2817 1090 2890 jejunatis
1144 2817 1213 2879 tum
1228 2818 1436 2882 comedentes
1458 2834 1594 2880 necesse
1622 2819 1673 2881 est
1699 2834 1772 2882 esse
1797 2818 1941 2892 debiles,

294 2918 398 2980 nolite
429 2917 509 2992 lieri
531 2916 621 2978 sictd
642 2916 829 2991 hypocritae
850 2915 999 2977 tristes:
1020 2929 1088 2976 eac-
1144 2917 1222 2994 quia
1252 2931 1374 2993 magua
1407 2917 1541 2979 sarcina
1579 2917 1706 2979 ventris
1742 2917 1942 2993 gravantur.

295 3014 487 3078 terminant
518 3017 611 3075 enim
640 3015 746 3088 facies
772 3027 865 3086 suas,
880 3014 920 3074 ut
938 3013 1090 3087 parcent
1144 3013 1238 3076 Unde
1266 3014 1543 3077 Ecclesiasticus:
1572 3017 1696 3078 Melior
1719 3015 1772 3077 cst
1800 3029 1944 3090 pauper

293 3111 693 3184 nominauojduncutes
707 3108 839 3190 (Matth.
854 3126 901 3184 vr,
916 3107 980 3190 16).
1142 3127 1260 3186 santes,
1278 3113 1583 3188 emendabitur,
1600 3127 1704 3187 quam
1717 3115 1813 3174 diues
1833 3113 1945 3185 insir-

342 3209 488 3281 Quatuor
518 3208 625 3270 modis
658 3207 882 3285 corrumpitur
909 3207 1086 3286 jejunium,
1142 3223 1220 3271 mus
1243 3211 1278 3271 et
1300 3213 1474 3272 imbecillis
1491 3207 1631 3290 (Eccles.
1657 3225 1739 3283 xxx,
1761 3208 1826 3290 14).
1853 3210 1944 3272 Gula

292 3305 457 3379 videlicet,
474 3305 609 3384 propter
621 3303 802 3378 tristitiam,
823 3307 959 3384 propter
971 3307 1087 3369 avari-
1143 3306 1297 3369 obscurat
1315 3307 1489 3380 rationem,
1510 3308 1588 3386 quia
1607 3308 1694 3370 sicut
1713 3307 1794 3370 dicit
1806 3309 1943 3384 livero-

291 3407 385 3480 tiam,
401 3404 536 3483 propter
548 3402 671 3480 gulam,
682 3403 714 3465 et
723 3404 858 3481 propter
865 3404 1086 3466 iracundiam.
1142 3405 1271 3466 nimus:
1288 3423 1307 3466 c
1328 3406 1467 3482 Pinguis
1477 3406 1669 3468 veniernon
1681 3405 1787 3483 gignit
1800 3406 1942 3467 tenuem

294 3508 360 3570 Per
369 3503 552 3576 tristitiam,
563 3503 599 3563 iu
612 3501 805 3580 hypocritis,
817 3502 896 3580 quia
911 3502 1089 3565 ostendunt
1142 3519 1287 3566 sensum.
1317 3519 1336 3566 u
1372 3505 1427 3566 Sic
1463 3503 1553 3566 euim
1586 3519 1605 3566 a
1633 3503 1716 3566 cibis
1744 3505 1941 3582 jejunemus

291 3603 420 3666 tristem
434 3600 553 3662 iaciem
573 3599 610 3662 ut
626 3599 803 3663 rideantur
825 3599 1015 3663 hominibus
1029 3603 1087 3680 je·
1140 3600 1176 3662 in
1211 3617 1369 3679 corpore,
1402 3601 1534 3679 quoda
1561 3601 1651 3664 vitiis
1675 3603 1867 3680 jejunemus
1900 3601 1940 3663 in

288 3703 421 3779 junare,
438 3699 524 3760 sicut
537 3696 660 3760 dicitur
671 3695 708 3758 in
722 3697 902 3773 Evangelio
919 3698 1005 3774 quod
1024 3714 1088 3760 au-
1141 3700 1261 3760 mente.
1277 3698 1383 3762 Aliter
1395 3699 1484 3760 enim
1497 3699 1538 3762 ad
1550 3699 1716 3762 modicum
1733 3698 1823 3761 valet
1838 3701 1939 3776 jeju-

292 3795 412 3859 distis:
429 3793 702 3866 cccmjejunaits,
718 3794 822 3856 nolite
835 3796 914 3867 sieri
928 3796 1016 3858 sictd
1029 3799 1087 3871 ltp-
1140 3795 1243 3869 nium,
1268 3796 1354 3859 sicut
1374 3798 1533 3859 Dominus
1554 3800 1573 3860 J
1576 3797 1679 3859 udaeis
1701 3797 1938 3874 improperans

289 3894 434 3972 pocatioe
462 3892 580 3954 tristes
599 3888 710 3970 (ibid).
739 3891 927 3968 Hypocritae
959 3891 1085 3954 similes
1140 3892 1205 3956 ait:
1227 3895 1531 3967 cumjejunaretc
1540 3909 1609 3969 per
1620 3895 1841 3972 septuaginta
1865 3910 1937 3956 an-

292 3993 370 4056 sunt
390 3989 576 4069 sepulchris
596 3987 767 4063 dealbatis,
789 3989 846 4068 qui
864 3989 946 4052 ioris
968 3992 1084 4054 osten·
1139 4005 1212 4065 rios,
1228 3993 1589 4066 narnouidjeiunusiis
1606 3994 1713 4055 mitti
1735 3987 1848 4070 (zach.
1870 4007 1936 4065 vn,

290 4091 364 4154 tant
376 4087 564 4151 hominibus
579 4087 799 4162 sanctitatem,
813 4088 903 4150 intus
916 4090 1085 4152 occultant
1138 4088 1184 4169 5).
1203 4089 1242 4151 nt
1265 4089 1368 4151 alibiz
1389 4093 1599 4153 Nammeius
1626 4090 1763 4152 vestras
1785 4089 1821 4152 et
1836 4091 1939 4162 jeju-

291 4187 519 4266 iniquitatem;
549 4184 630 4248 ioris
654 4186 732 4248 sunt
756 4187 866 4249 ornati
892 4187 1082 4262 virtutihus,
1138 4191 1237 4249 nium
1258 4188 1415 4250 vestrum
1432 4188 1575 4260 wurdt
1598 4191 1717 4248 anima
1734 4201 1814 4248 ntea
1826 4184 1888 4265 (is.
1902 4202 1935 4260 n,

290 4287 380 4350 intus
388 4285 498 4348 autem
506 4282 595 4362 pleni
606 4282 683 4345 sunt
691 4283 829 4346 mortuis
837 4283 1082 4360 ossibus,idest,
1138 4283 1202 4365 14).
1228 4287 1385 4361 Magnum
1407 4284 1509 4361 igitur
1533 4287 1567 4348 et
1586 4284 1732 4347 salutare
1751 4283 1935 4361 jejunium,

290 4381 530 4464 iniquitatibus.
541 4380 636 4443 Foris
650 4379 806 4442 videntur
819 4382 926 4444 ornati
937 4383 1080 4461 justitia,
1138 4383 1188 4446 est
1198 4399 1220 4444 a
1230 4383 1321 4445 vitiis
1337 4382 1516 4455 declinare,
1528 4381 1675 4459 alioquin
1690 4397 1757 4444 non
1772 4383 1825 4444 est
1834 4397 1939 4443 sano-

289 4483 378 4546 intus
399 4481 476 4544 sunt
494 4479 584 4557 pleni
606 4478 777 4556 spurcitia.
793 4481 902 4550 Quare
915 4479 1000 4543 bene
1015 4482 1084 4558 sig·
1137 4481 1206 4543 tum
1217 4481 1392 4560 jejunium,
1409 4479 1466 4542 sed
1481 4479 1696 4542 immundum.

288 4581 458 4644 nificatum
477 4578 528 4640 est
544 4576 579 4638 in
595 4575 683 4638 idolo
698 4575 845 4638 Danielis
860 4577 946 4654 quod
960 4578 1084 4642 intrin-
1177 4581 1242 4640 Per
1260 4578 1481 4654 iracundiam3
1508 4576 1637 4656 quando
1657 4577 1699 4638 ad
1720 4576 1783 4638 hoc
1799 4579 1937 4654 jejunat

287 4695 384 4742 secus
392 4677 465 4740 erat
473 4675 598 4738 luteum
607 4675 853 4737 etextrinsecus
862 4676 1080 4738 erataeneum.
1137 4675 1245 4748 homo,
1282 4677 1319 4738 ut
1353 4675 1454 4738 saciet
1479 4675 1554 4738 lites
1581 4677 1614 4736 et
1640 4674 1872 4737 contentiones
1900 4675 1935 4737 et

287 4779 388 4841 Recte
419 4773 593 4853 hypocrita
625 4773 829 4836 assimilatur
862 4773 967 4844 idolo,
1003 4775 1081 4854 quia
1136 4789 1358 4852 pugnas‚quae
1371 4773 1411 4835 de
1423 4774 1475 4836 ira
1488 4772 1682 4851 procedunt.
1699 4771 1792 4834 Unde
1805 4773 1932 4833 isaias:

286 4875 359 4938 vult
377 4873 537 4936 honorari
559 4871 601 4933 ab
622 4871 824 4944 hominibus,
851 4872 937 4935 sicut
957 4871 1081 4936 idolum
1135 4873 1222 4932 Ecce
1241 4872 1285 4932 ud
1303 4870 1380 4932 lites
1398 4871 1431 4932 ei
1450 4869 1881 4942 contentionesjeiunatis,
1898 4869 1933 4930 ct

199 5015 202 5023 λ
287 4971 445 5035 adoratur
467 4986 487 5030 a
508 4967 671 5044 gentibus.
704 4969 743 5030 st
767 4969 853 5032 sicut
879 4969 1004 5032 idolum
1030 4973 1082 5034 est
1131 4967 1314 5042 percutitis
1323 4983 1440 5043 pugno
1450 4971 1555 5043 impie
1571 4966 1627 5047 (is.
1637 4983 1729 5040 nuni,
1743 4965 1887 5046 4).lirgo
1902 4967 1933 5028 si

286 5071 397 5146 imago
426 5066 571 5130 hominis
596 5065 669 5128 sine
693 5065 814 5139 anima,
838 5066 885 5128 ita
907 5067 1080 5146 hypocrita
1135 5065 1234 5141 digne
1265 5064 1417 5127 volumus
1454 5066 1623 5128 celebrare
1647 5065 1834 5144 jeiunium,
1864 5064 1933 5126 hoc

286 5167 387 5232 habet
405 5163 612 5227 sanctitatem
634 5162 706 5224 sine
730 5162 912 5226 intentione
927 5165 1024 5228 bona.
1042 5169 1081 5230 nt
1130 5162 1295 5242 ieiunium
1319 5177 1387 5240 prae
1406 5163 1536 5226 caeteris
1551 5163 1776 5234 observemus,
1802 5160 1842 5222 de
1864 5178 1932 5239 quo

285 5265 372 5329 sicut
394 5265 502 5326 idolus
524 5262 574 5324 est
593 5260 793 5324 intrinsecus
819 5261 944 5324 luteum
964 5265 997 5326 et
1015 5279 1079 5327 ex·
1134 5261 1293 5323 Dominus
1310 5261 1456 5339 loquitur
1477 5277 1537 5339 per
1556 5261 1761 5339 prophetam.
1784 5261 1855 5321 Hoc
1880 5262 1933 5322 est

283 5364 449 5429 trinsecus
464 5376 605 5434 aeneum,
622 5359 668 5421 ita
682 5359 855 5437 hypocrita
880 5360 1079 5424 intrinsecus
1133 5363 1242 5438 majus
1258 5359 1424 5438 jejunium
1445 5359 1627 5436 quedelegi
1640 5381 1647 5419 ι
1661 5357 1812 5420 Dissolve
1832 5357 1933 5420 colli-

285 5461 430 5527 occuliat
455 5473 548 5520 suam
577 5455 788 5536 spurcitiam,
813 5457 846 5519 et
871 5458 1079 5523 extrinsecus
1133 5457 1285 5533 gationes
1314 5457 1556 5534 impietatis...
1580 5455 1637 5537 (is.
1664 5471 1761 5529 nvnr,
1782 5454 1828 5535 6).
1844 5457 1930 5517 Tres

285 5559 429 5625 ostendit
449 5571 603 5634 magnam
622 5554 799 5633 justiliam.
822 5557 863 5618 Et
884 5555 946 5619 iob
963 5579 971 5618 ε
987 5561 1079 5622 Latus
1133 5555 1210 5616 sunt
1234 5555 1464 5631 colligationes
1478 5555 1657 5633 impietatis
1679 5552 1927 5626 hereticorum,

285 5661 472 5739 impiorum
482 5657 596 5720 breuis
605 5653 667 5727 est,
677 5654 884 5732 clastidium
893 5657 1079 5734 hypocritae
1133 5654 1165 5716 et
1186 5653 1410 5731 peccatorum,
1442 5656 1475 5717 et
1503 5653 1744 5716 damnatorum.
1774 5651 1927 5728 Colliga—
1973 5657 1979 5666 '
