<?xml version="1.0" encoding="UTF-8"?>
<!DOCTYPE html PUBLIC "-//W3C//DTD XHTML 1.0 Transitional//EN"
    "http://www.w3.org/TR/xhtml1/DTD/xhtml1-transitional.dtd">
<html xmlns="http://www.w3.org/1999/xhtml" xml:lang="en" lang="en">
 <head>
  <title>
</title>
<meta http-equiv="Content-Type" content="text/html;charset=utf-8" />
  <meta name='ocr-system' content='tesseract 3.04.00' />
  <meta name='ocr-capabilities' content='ocr_page ocr_carea ocr_par ocr_line ocrx_word'/>
</head>
<body>
  <div class='ocr_page' id='page_1' title='image "./mediiaevibiblio03unkngoog_0469.png"; bbox 0 0 4122 6308; ppageno 0'>
   <div class='ocr_carea' id='block_1_1' title="bbox 301 331 1957 402">
    <p class='ocr_par' dir='ltr' id='par_1_1' title="bbox 301 331 1957 402">
     <span class='ocr_line' id='line_1_1' title="bbox 301 331 1957 402; baseline 0.005 -9"><span class='ocrx_word' id='word_1_1' title='bbox 301 331 366 394; x_wconf 80' lang='lat'><strong>855</strong></span> <span class='ocrx_word' id='word_1_2' title='bbox 769 333 944 396; x_wconf 86' lang='lat' dir='ltr'>HONORII</span> <span class='ocrx_word' id='word_1_3' title='bbox 967 333 1011 395; x_wconf 92' lang='lat'><strong>111</strong></span> <span class='ocrx_word' id='word_1_4' title='bbox 1033 333 1181 400; x_wconf 70' lang='lat' dir='ltr'><strong>OPERA.</strong></span> <span class='ocrx_word' id='word_1_5' title='bbox 1199 365 1238 382; x_wconf 90' lang='lat'><em>-</em></span> <span class='ocrx_word' id='word_1_6' title='bbox 1253 337 1486 402; x_wconf 83' lang='lat' dir='ltr'><strong>SERMONES.</strong></span> <span class='ocrx_word' id='word_1_7' title='bbox 1903 341 1957 402; x_wconf 79' lang='lat' dir='ltr'><strong>85ss</strong></span> 
     </span>
    </p>
   </div>
   <div class='ocr_carea' id='block_1_2' title="bbox 300 487 2016 5750">
    <p class='ocr_par' dir='ltr' id='par_1_2' title="bbox 300 487 2016 5750">
     <span class='ocr_line' id='line_1_2' title="bbox 301 487 1957 576; baseline 0.006 -26"><span class='ocrx_word' id='word_1_8' title='bbox 301 487 352 558; x_wconf 92' lang='lat' dir='ltr'><strong>tio</strong></span> <span class='ocrx_word' id='word_1_9' title='bbox 367 489 500 557; x_wconf 78' lang='lat' dir='ltr'>notetur</span> <span class='ocrx_word' id='word_1_10' title='bbox 522 491 558 554; x_wconf 91' lang='lat' dir='ltr'><strong>in</strong></span> <span class='ocrx_word' id='word_1_11' title='bbox 580 491 716 570; x_wconf 87' lang='lat' dir='ltr'><strong>pulvere</strong></span> <span class='ocrx_word' id='word_1_12' title='bbox 731 509 804 572; x_wconf 85' lang='lat' dir='ltr'><strong>quse</strong></span> <span class='ocrx_word' id='word_1_13' title='bbox 823 494 1001 572; x_wconf 79' lang='lat' dir='ltr'>diligenter</span> <span class='ocrx_word' id='word_1_14' title='bbox 1014 511 1101 558; x_wconf 85' lang='lat' dir='ltr'><strong>ven·</strong></span> <span class='ocrx_word' id='word_1_15' title='bbox 1155 497 1220 561; x_wconf 88' lang='lat' dir='ltr'><strong>tria</strong></span> <span class='ocrx_word' id='word_1_16' title='bbox 1245 519 1253 560; x_wconf 74' lang='grc' dir='ltr'><strong>ε</strong></span> <span class='ocrx_word' id='word_1_17' title='bbox 1279 498 1427 560; x_wconf 87' lang='lat' dir='ltr'><strong>Primum</strong></span> <span class='ocrx_word' id='word_1_18' title='bbox 1446 495 1656 576; x_wconf 81' lang='lat' dir='ltr'><strong>unguentum</strong></span> <span class='ocrx_word' id='word_1_19' title='bbox 1682 495 1734 558; x_wconf 87' lang='lat' dir='ltr'><strong>est</strong></span> <span class='ocrx_word' id='word_1_20' title='bbox 1757 493 1957 574; x_wconf 87' lang='lat' dir='ltr'><strong>poeuitentla,</strong></span> 
     </span>
     <span class='ocr_line' id='line_1_3' title="bbox 302 589 1958 674; baseline 0.004 -22"><span class='ocrx_word' id='word_1_21' title='bbox 302 590 394 652; x_wconf 89' lang='lat' dir='ltr'><strong>tilari</strong></span> <span class='ocrx_word' id='word_1_22' title='bbox 407 591 501 652; x_wconf 91' lang='lat' dir='ltr'><strong>solet.</strong></span> <span class='ocrx_word' id='word_1_23' title='bbox 518 593 555 653; x_wconf 91' lang='lat' dir='ltr'><strong>ln</strong></span> <span class='ocrx_word' id='word_1_24' title='bbox 570 589 737 668; x_wconf 89' lang='lat' dir='ltr'><strong>pigmento</strong></span> <span class='ocrx_word' id='word_1_25' title='bbox 753 608 832 654; x_wconf 81' lang='lat' dir='ltr'><strong>vero</strong></span> <span class='ocrx_word' id='word_1_26' title='bbox 851 594 944 655; x_wconf 90' lang='lat' dir='ltr'><strong>actus</strong></span> <span class='ocrx_word' id='word_1_27' title='bbox 959 592 1100 655; x_wconf 87' lang='lat' dir='ltr'><strong>humili·</strong></span> <span class='ocrx_word' id='word_1_28' title='bbox 1156 595 1337 658; x_wconf 88' lang='lat' dir='ltr'><strong>secundum</strong></span> <span class='ocrx_word' id='word_1_29' title='bbox 1371 596 1619 667; x_wconf 80' lang='lat' dir='ltr'><strong>misericordia,</strong></span> <span class='ocrx_word' id='word_1_30' title='bbox 1656 593 1798 656; x_wconf 87' lang='lat' dir='ltr'><strong>tertium</strong></span> <span class='ocrx_word' id='word_1_31' title='bbox 1837 611 1958 674; x_wconf 85' lang='lat' dir='ltr'><strong>quoque</strong></span> 
     </span>
     <span class='ocr_line' id='line_1_4' title="bbox 302 687 1959 769; baseline 0.004 -19"><span class='ocrx_word' id='word_1_32' title='bbox 302 687 393 760; x_wconf 88' lang='lat' dir='ltr'><strong>tatis,</strong></span> <span class='ocrx_word' id='word_1_33' title='bbox 419 705 483 766; x_wconf 89' lang='lat' dir='ltr'><strong>quo</strong></span> <span class='ocrx_word' id='word_1_34' title='bbox 514 689 561 750; x_wconf 92' lang='lat' dir='ltr'><strong>nil</strong></span> <span class='ocrx_word' id='word_1_35' title='bbox 592 690 727 750; x_wconf 81' lang='lat' dir='ltr'><strong>suavius</strong></span> <span class='ocrx_word' id='word_1_36' title='bbox 751 690 941 752; x_wconf 90' lang='lat' dir='ltr'><strong>hominibus</strong></span> <span class='ocrx_word' id='word_1_37' title='bbox 961 692 1099 754; x_wconf 86' lang='lat' dir='ltr'><strong>redolet.</strong></span> <span class='ocrx_word' id='word_1_38' title='bbox 1155 692 1337 768; x_wconf 88' lang='lat' dir='ltr'><strong>gratiarum</strong></span> <span class='ocrx_word' id='word_1_39' title='bbox 1368 694 1467 756; x_wconf 89' lang='lat' dir='ltr'><strong>actio.</strong></span> <span class='ocrx_word' id='word_1_40' title='bbox 1493 694 1646 754; x_wconf 89' lang='lat' dir='ltr'><strong>Primum</strong></span> <span class='ocrx_word' id='word_1_41' title='bbox 1680 693 1886 769; x_wconf 78' lang='lat' dir='ltr'><strong>unguentum</strong></span> <span class='ocrx_word' id='word_1_42' title='bbox 1913 697 1959 756; x_wconf 91' lang='grc'><strong>331</strong></span> 
     </span>
     <span class='ocr_line' id='line_1_5' title="bbox 307 786 1958 867; baseline 0.003 -19"><span class='ocrx_word' id='word_1_43' title='bbox 307 786 400 848; x_wconf 87' lang='lat' dir='ltr'><strong>Sicut</strong></span> <span class='ocrx_word' id='word_1_44' title='bbox 414 787 502 847; x_wconf 86' lang='lat' dir='ltr'><strong>enim</strong></span> <span class='ocrx_word' id='word_1_45' title='bbox 517 786 624 848; x_wconf 90' lang='lat' dir='ltr'><strong>omnis</strong></span> <span class='ocrx_word' id='word_1_46' title='bbox 635 803 796 864; x_wconf 77' lang='lat' dir='ltr'><strong>arrogans</strong></span> <span class='ocrx_word' id='word_1_47' title='bbox 812 789 956 862; x_wconf 89' lang='lat' dir='ltr'><strong>odiosus,</strong></span> <span class='ocrx_word' id='word_1_48' title='bbox 972 789 1102 851; x_wconf 89' lang='grc'><strong>1133111-</strong></span> <span class='ocrx_word' id='word_1_49' title='bbox 1155 791 1376 867; x_wconf 84' lang='lat' dir='ltr'><strong>purgativum,</strong></span> <span class='ocrx_word' id='word_1_50' title='bbox 1395 791 1577 852; x_wconf 87' lang='lat' dir='ltr'><strong>secundum</strong></span> <span class='ocrx_word' id='word_1_51' title='bbox 1590 789 1879 866; x_wconf 82' lang='lat' dir='ltr'><strong>refrigerativam,</strong></span> <span class='ocrx_word' id='word_1_52' title='bbox 1893 791 1958 853; x_wconf 90' lang='lat' dir='ltr'><strong>ter·-</strong></span> 
     </span>
     <span class='ocr_line' id='line_1_6' title="bbox 304 883 1956 966; baseline 0.004 -23"><span class='ocrx_word' id='word_1_53' title='bbox 304 883 359 944; x_wconf 90' lang='lat' dir='ltr'><strong>nis</strong></span> <span class='ocrx_word' id='word_1_54' title='bbox 372 883 508 945; x_wconf 89' lang='lat' dir='ltr'><strong>humilis</strong></span> <span class='ocrx_word' id='word_1_55' title='bbox 523 885 688 946; x_wconf 89' lang='lat' dir='ltr'><strong>amabilis.</strong></span> <span class='ocrx_word' id='word_1_56' title='bbox 1154 885 1238 948; x_wconf 91' lang='lat' dir='ltr'><strong>tium</strong></span> <span class='ocrx_word' id='word_1_57' title='bbox 1264 889 1462 951; x_wconf 88' lang='lat' dir='ltr'><strong>sanativum.</strong></span> <span class='ocrx_word' id='word_1_58' title='bbox 1493 890 1579 950; x_wconf 91' lang='lat' dir='ltr'><strong>Nam</strong></span> <span class='ocrx_word' id='word_1_59' title='bbox 1608 887 1812 966; x_wconf 89' lang='lat' dir='ltr'><strong>poenitentia</strong></span> <span class='ocrx_word' id='word_1_60' title='bbox 1835 892 1956 965; x_wconf 90' lang='lat' dir='ltr'><strong>purgat,</strong></span> 
     </span>
     <span class='ocr_line' id='line_1_7' title="bbox 344 982 1959 1062; baseline 0.002 -20"><span class='ocrx_word' id='word_1_61' title='bbox 344 982 419 1042; x_wconf 90' lang='lat' dir='ltr'><strong>Istae</strong></span> <span class='ocrx_word' id='word_1_62' title='bbox 434 986 501 1062; x_wconf 87' lang='lat' dir='ltr'><strong>tres</strong></span> <span class='ocrx_word' id='word_1_63' title='bbox 523 985 646 1046; x_wconf 80' lang='lat' dir='ltr'><strong>sanctae</strong></span> <span class='ocrx_word' id='word_1_64' title='bbox 666 983 833 1057; x_wconf 88' lang='lat' dir='ltr'><strong>mulieres,</strong></span> <span class='ocrx_word' id='word_1_65' title='bbox 853 1001 926 1062; x_wconf 85' lang='lat' dir='ltr'><strong>queo</strong></span> <span class='ocrx_word' id='word_1_66' title='bbox 948 985 1102 1047; x_wconf 90' lang='lat' dir='ltr'><strong>emerunt</strong></span> <span class='ocrx_word' id='word_1_67' title='bbox 1155 985 1384 1047; x_wconf 81' lang='lat' dir='ltr'><strong>misericordia</strong></span> <span class='ocrx_word' id='word_1_68' title='bbox 1423 985 1619 1062; x_wconf 84' lang='lat' dir='ltr'><strong>refrigerat,</strong></span> <span class='ocrx_word' id='word_1_69' title='bbox 1655 985 1846 1060; x_wconf 86' lang='lat' dir='ltr'><strong>gratiarum</strong></span> <span class='ocrx_word' id='word_1_70' title='bbox 1879 986 1959 1046; x_wconf 89' lang='lat' dir='ltr'><strong>actio</strong></span> 
     </span>
     <span class='ocr_line' id='line_1_8' title="bbox 303 1071 1958 1159; baseline 0.001 -19"><span class='ocrx_word' id='word_1_71' title='bbox 303 1079 464 1152; x_wconf 81' lang='lat' dir='ltr'><strong>aromata,</strong></span> <span class='ocrx_word' id='word_1_72' title='bbox 495 1081 532 1142; x_wconf 94' lang='lat' dir='ltr'><strong>ut</strong></span> <span class='ocrx_word' id='word_1_73' title='bbox 558 1097 633 1142; x_wconf 92' lang='lat' dir='ltr'><strong>eum</strong></span> <span class='ocrx_word' id='word_1_74' title='bbox 654 1083 798 1159; x_wconf 90' lang='lat' dir='ltr'><strong>positum</strong></span> <span class='ocrx_word' id='word_1_75' title='bbox 824 1083 859 1142; x_wconf 92' lang='lat' dir='ltr'><strong>in</strong></span> <span class='ocrx_word' id='word_1_76' title='bbox 887 1083 1100 1146; x_wconf 89' lang='lat' dir='ltr'><strong>monumento</strong></span> <span class='ocrx_word' id='word_1_77' title='bbox 1156 1082 1263 1142; x_wconf 89' lang='lat' dir='ltr'><strong>sanat.</strong></span> <span class='ocrx_word' id='word_1_78' title='bbox 1273 1083 1421 1143; x_wconf 90' lang='lat' dir='ltr'><strong>Primum</strong></span> <span class='ocrx_word' id='word_1_79' title='bbox 1432 1083 1640 1159; x_wconf 88' lang='lat' dir='ltr'><strong>unguentum</strong></span> <span class='ocrx_word' id='word_1_80' title='bbox 1653 1082 1707 1142; x_wconf 88' lang='lat' dir='ltr'><strong>est</strong></span> <span class='ocrx_word' id='word_1_81' title='bbox 1717 1071 1958 1159; x_wconf 83' lang='lat' dir='ltr'><strong>incipientium,</strong></span> 
     </span>
     <span class='ocr_line' id='line_1_9' title="bbox 302 1177 1958 1258; baseline 0.001 -20"><span class='ocrx_word' id='word_1_82' title='bbox 302 1177 477 1253; x_wconf 87' lang='lat' dir='ltr'><strong>ungerent,</strong></span> <span class='ocrx_word' id='word_1_83' title='bbox 491 1178 618 1255; x_wconf 84' lang='lat' dir='ltr'><strong>aliquid</strong></span> <span class='ocrx_word' id='word_1_84' title='bbox 632 1179 668 1240; x_wconf 92' lang='lat' dir='ltr'><strong>in</strong></span> <span class='ocrx_word' id='word_1_85' title='bbox 683 1195 743 1240; x_wconf 90' lang='lat' dir='ltr'><strong>sua</strong></span> <span class='ocrx_word' id='word_1_86' title='bbox 758 1180 890 1242; x_wconf 90' lang='lat' dir='ltr'><strong>actione</strong></span> <span class='ocrx_word' id='word_1_87' title='bbox 905 1180 1002 1242; x_wconf 93' lang='lat' dir='ltr'><strong>nobis</strong></span> <span class='ocrx_word' id='word_1_88' title='bbox 1017 1181 1101 1244; x_wconf 92' lang='lat' dir='ltr'><strong>reli·</strong></span> <span class='ocrx_word' id='word_1_89' title='bbox 1154 1177 1337 1241; x_wconf 89' lang='lat' dir='ltr'><strong>secundum</strong></span> <span class='ocrx_word' id='word_1_90' title='bbox 1372 1179 1629 1258; x_wconf 84' lang='lat' dir='ltr'><strong>proficientium,</strong></span> <span class='ocrx_word' id='word_1_91' title='bbox 1666 1178 1807 1242; x_wconf 87' lang='lat' dir='ltr'><strong>tertium</strong></span> <span class='ocrx_word' id='word_1_92' title='bbox 1837 1178 1958 1256; x_wconf 89' lang='lat' dir='ltr'><strong>perlec-</strong></span> 
     </span>
     <span class='ocr_line' id='line_1_10' title="bbox 303 1275 1958 1354; baseline 0.003 -19"><span class='ocrx_word' id='word_1_93' title='bbox 303 1275 449 1351; x_wconf 88' lang='lat' dir='ltr'><strong>querunt</strong></span> <span class='ocrx_word' id='word_1_94' title='bbox 469 1275 677 1339; x_wconf 90' lang='lat' dir='ltr'><strong>imitandum.</strong></span> <span class='ocrx_word' id='word_1_95' title='bbox 700 1295 719 1340; x_wconf 75' lang='grc'><strong>3</strong></span> <span class='ocrx_word' id='word_1_96' title='bbox 739 1281 804 1340; x_wconf 88' lang='lat' dir='ltr'><strong>Res</strong></span> <span class='ocrx_word' id='word_1_97' title='bbox 828 1277 916 1340; x_wconf 91' lang='lat' dir='ltr'><strong>enim</strong></span> <span class='ocrx_word' id='word_1_98' title='bbox 940 1279 1046 1354; x_wconf 89' lang='lat' dir='ltr'><strong>gesta,</strong></span> <span class='ocrx_word' id='word_1_99' title='bbox 1065 1278 1101 1341; x_wconf 90' lang='lat' dir='ltr'><strong>ut</strong></span> <span class='ocrx_word' id='word_1_100' title='bbox 1138 1277 1276 1340; x_wconf 77' lang='lat' dir='ltr'><strong>torum.</strong></span> <span class='ocrx_word' id='word_1_101' title='bbox 1304 1277 1454 1340; x_wconf 88' lang='lat' dir='ltr'><strong>Primum</strong></span> <span class='ocrx_word' id='word_1_102' title='bbox 1482 1277 1661 1340; x_wconf 87' lang='lat' dir='ltr'><strong>coniicitur</strong></span> <span class='ocrx_word' id='word_1_103' title='bbox 1686 1277 1729 1338; x_wconf 92' lang='grc'><strong>13</strong></span> <span class='ocrx_word' id='word_1_104' title='bbox 1759 1275 1907 1354; x_wconf 90' lang='lat' dir='ltr'><strong>pluribus</strong></span> <span class='ocrx_word' id='word_1_105' title='bbox 1928 1279 1958 1340; x_wconf 89' lang='lat' dir='ltr'><strong>et</strong></span> 
     </span>
     <span class='ocr_line' id='line_1_11' title="bbox 304 1371 1959 1454; baseline 0.001 -21"><span class='ocrx_word' id='word_1_106' title='bbox 304 1371 482 1435; x_wconf 89' lang='lat' dir='ltr'><strong>aitbeatus</strong></span> <span class='ocrx_word' id='word_1_107' title='bbox 497 1376 687 1450; x_wconf 83' lang='lat' dir='ltr'><strong>Gregorius,</strong></span> <span class='ocrx_word' id='word_1_108' title='bbox 722 1376 846 1454; x_wconf 87' lang='lat' dir='ltr'><strong>aliquid</strong></span> <span class='ocrx_word' id='word_1_109' title='bbox 861 1377 897 1437; x_wconf 93' lang='grc'><strong>111</strong></span> <span class='ocrx_word' id='word_1_110' title='bbox 912 1377 1102 1438; x_wconf 82' lang='grc'><strong>331313113-</strong></span> <span class='ocrx_word' id='word_1_111' title='bbox 1154 1374 1278 1436; x_wconf 84' lang='lat' dir='ltr'><strong>vilibus</strong></span> <span class='ocrx_word' id='word_1_112' title='bbox 1301 1374 1424 1450; x_wconf 82' lang='grc'><strong>1131113,</strong></span> <span class='ocrx_word' id='word_1_113' title='bbox 1450 1376 1483 1438; x_wconf 88' lang='grc'><strong>31</strong></span> <span class='ocrx_word' id='word_1_114' title='bbox 1505 1376 1630 1438; x_wconf 89' lang='lat' dir='ltr'><strong>talibus</strong></span> <span class='ocrx_word' id='word_1_115' title='bbox 1659 1391 1737 1452; x_wconf 85' lang='lat' dir='ltr'><strong>quae</strong></span> <span class='ocrx_word' id='word_1_116' title='bbox 1762 1373 1862 1436; x_wconf 87' lang='grc'><strong>133113</strong></span> <span class='ocrx_word' id='word_1_117' title='bbox 1876 1390 1959 1436; x_wconf 92' lang='lat' dir='ltr'><strong>com·</strong></span> 
     </span>
     <span class='ocr_line' id='line_1_12' title="bbox 303 1468 1958 1550; baseline 0.001 -18"><span class='ocrx_word' id='word_1_118' title='bbox 303 1468 406 1532; x_wconf 90' lang='lat' dir='ltr'><strong>clesia</strong></span> <span class='ocrx_word' id='word_1_119' title='bbox 422 1471 1054 1550; x_wconf 62' lang='grc'><strong>313111331331311111111.»1111333133,</strong></span> <span class='ocrx_word' id='word_1_120' title='bbox 1072 1474 1100 1534; x_wconf 92' lang='grc'><strong>31</strong></span> <span class='ocrx_word' id='word_1_121' title='bbox 1154 1473 1326 1548; x_wconf 88' lang='lat' dir='ltr'><strong>parantur,</strong></span> <span class='ocrx_word' id='word_1_122' title='bbox 1341 1473 1437 1546; x_wconf 90' lang='lat' dir='ltr'><strong>idest,</strong></span> <span class='ocrx_word' id='word_1_123' title='bbox 1454 1473 1600 1536; x_wconf 83' lang='lat' dir='ltr'><strong>devitiis</strong></span> <span class='ocrx_word' id='word_1_124' title='bbox 1623 1473 1659 1535; x_wconf 92' lang='lat' dir='ltr'><strong>et</strong></span> <span class='ocrx_word' id='word_1_125' title='bbox 1671 1471 1832 1550; x_wconf 88' lang='lat' dir='ltr'><strong>peccatis,</strong></span> <span class='ocrx_word' id='word_1_126' title='bbox 1848 1471 1958 1549; x_wconf 87' lang='lat' dir='ltr'><strong>quibus</strong></span> 
     </span>
     <span class='ocr_line' id='line_1_13' title="bbox 303 1565 1956 1646; baseline 0.001 -20"><span class='ocrx_word' id='word_1_127' title='bbox 303 1565 471 1628; x_wconf 86' lang='lat' dir='ltr'><strong>Christum</strong></span> <span class='ocrx_word' id='word_1_128' title='bbox 500 1569 676 1640; x_wconf 88' lang='lat' dir='ltr'><strong>mortuum,</strong></span> <span class='ocrx_word' id='word_1_129' title='bbox 710 1569 807 1644; x_wconf 90' lang='lat' dir='ltr'><strong>idest,</strong></span> <span class='ocrx_word' id='word_1_130' title='bbox 841 1570 939 1632; x_wconf 84' lang='lat' dir='ltr'><strong>iidem</strong></span> <span class='ocrx_word' id='word_1_131' title='bbox 978 1570 1101 1633; x_wconf 87' lang='lat' dir='ltr'><strong>Christi</strong></span> <span class='ocrx_word' id='word_1_132' title='bbox 1155 1567 1253 1630; x_wconf 90' lang='lat' dir='ltr'><strong>homo</strong></span> <span class='ocrx_word' id='word_1_133' title='bbox 1266 1569 1427 1646; x_wconf 89' lang='lat' dir='ltr'><strong>poenitere</strong></span> <span class='ocrx_word' id='word_1_134' title='bbox 1442 1570 1548 1632; x_wconf 91' lang='lat' dir='ltr'><strong>debet.</strong></span> <span class='ocrx_word' id='word_1_135' title='bbox 1565 1569 1761 1632; x_wconf 86' lang='lat' dir='ltr'><strong>Secundum</strong></span> <span class='ocrx_word' id='word_1_136' title='bbox 1776 1568 1813 1630; x_wconf 89' lang='lat' dir='ltr'><strong>fit</strong></span> <span class='ocrx_word' id='word_1_137' title='bbox 1827 1567 1867 1629; x_wconf 90' lang='lat' dir='ltr'><strong>de</strong></span> <span class='ocrx_word' id='word_1_138' title='bbox 1878 1568 1956 1630; x_wconf 88' lang='lat' dir='ltr'><strong>caris</strong></span> 
     </span>
     <span class='ocr_line' id='line_1_14' title="bbox 303 1664 1954 1746; baseline -0.001 -20"><span class='ocrx_word' id='word_1_139' title='bbox 303 1664 467 1726; x_wconf 87' lang='lat' dir='ltr'><strong>mortuam</strong></span> <span class='ocrx_word' id='word_1_140' title='bbox 493 1667 528 1727; x_wconf 94' lang='lat' dir='ltr'><strong>in</strong></span> <span class='ocrx_word' id='word_1_141' title='bbox 553 1667 652 1729; x_wconf 89' lang='lat' dir='ltr'><strong>corde</strong></span> <span class='ocrx_word' id='word_1_142' title='bbox 674 1669 858 1746; x_wconf 90' lang='lat' dir='ltr'><strong>cujuspiam</strong></span> <span class='ocrx_word' id='word_1_143' title='bbox 884 1669 1098 1740; x_wconf 87' lang='lat' dir='ltr'><strong>senserimus,</strong></span> <span class='ocrx_word' id='word_1_144' title='bbox 1155 1666 1338 1742; x_wconf 76' lang='lat' dir='ltr'><strong>speciebus</strong></span> <span class='ocrx_word' id='word_1_145' title='bbox 1355 1667 1466 1744; x_wconf 89' lang='lat' dir='ltr'><strong>utpote</strong></span> <span class='ocrx_word' id='word_1_146' title='bbox 1482 1668 1521 1728; x_wconf 92' lang='lat' dir='ltr'><strong>de</strong></span> <span class='ocrx_word' id='word_1_147' title='bbox 1537 1667 1636 1729; x_wconf 89' lang='lat' dir='ltr'><strong>honis</strong></span> <span class='ocrx_word' id='word_1_148' title='bbox 1661 1667 1766 1728; x_wconf 91' lang='lat' dir='ltr'><strong>rebus</strong></span> <span class='ocrx_word' id='word_1_149' title='bbox 1785 1665 1823 1740; x_wconf 69' lang='lat' dir='ltr'><strong>fet</strong></span> <span class='ocrx_word' id='word_1_150' title='bbox 1838 1665 1954 1726; x_wconf 81' lang='lat' dir='ltr'><strong>diuitiis</strong></span> 
     </span>
     <span class='ocr_line' id='line_1_15' title="bbox 303 1761 1956 1842; baseline 0.001 -21"><span class='ocrx_word' id='word_1_151' title='bbox 303 1761 412 1823; x_wconf 90' lang='lat' dir='ltr'><strong>danda</strong></span> <span class='ocrx_word' id='word_1_152' title='bbox 440 1762 536 1824; x_wconf 92' lang='lat' dir='ltr'><strong>nobis</strong></span> <span class='ocrx_word' id='word_1_153' title='bbox 563 1766 625 1828; x_wconf 87' lang='lat' dir='ltr'><strong>est.</strong></span> <span class='ocrx_word' id='word_1_154' title='bbox 639 1781 752 1842; x_wconf 90' lang='lat' dir='ltr'><strong>opera,</strong></span> <span class='ocrx_word' id='word_1_155' title='bbox 780 1765 817 1827; x_wconf 92' lang='lat' dir='ltr'><strong>ut</strong></span> <span class='ocrx_word' id='word_1_156' title='bbox 843 1766 885 1827; x_wconf 91' lang='lat' dir='ltr'><strong>ad</strong></span> <span class='ocrx_word' id='word_1_157' title='bbox 912 1765 1101 1842; x_wconf 89' lang='lat' dir='ltr'><strong>ungendum</strong></span> <span class='ocrx_word' id='word_1_158' title='bbox 1155 1763 1956 1827; x_wconf 79' lang='grc'><strong>133111313111311111133311331111331311311-</strong></span> 
     </span>
     <span class='ocr_line' id='line_1_16' title="bbox 302 1859 1953 1938; baseline 0 -18"><span class='ocrx_word' id='word_1_159' title='bbox 302 1863 469 1922; x_wconf 87' lang='lat' dir='ltr'><strong>mortuum</strong></span> <span class='ocrx_word' id='word_1_160' title='bbox 489 1877 563 1922; x_wconf 91' lang='lat' dir='ltr'><strong>cum</strong></span> <span class='ocrx_word' id='word_1_161' title='bbox 590 1863 794 1925; x_wconf 86' lang='lat' dir='ltr'><strong>aromatibus</strong></span> <span class='ocrx_word' id='word_1_162' title='bbox 816 1864 1024 1926; x_wconf 80' lang='lat' dir='ltr'><strong>accedamus.</strong></span> <span class='ocrx_word' id='word_1_163' title='bbox 1048 1864 1102 1924; x_wconf 84' lang='lat' dir='ltr'><strong>si·</strong></span> <span class='ocrx_word' id='word_1_164' title='bbox 1155 1859 1227 1930; x_wconf 92' lang='lat' dir='ltr'><strong>bus,</strong></span> <span class='ocrx_word' id='word_1_165' title='bbox 1251 1861 1346 1934; x_wconf 90' lang='lat' dir='ltr'><strong>idest,</strong></span> <span class='ocrx_word' id='word_1_166' title='bbox 1368 1862 1408 1924; x_wconf 94' lang='lat' dir='ltr'><strong>de</strong></span> <span class='ocrx_word' id='word_1_167' title='bbox 1429 1863 1607 1924; x_wconf 85' lang='lat' dir='ltr'><strong>virtutibus</strong></span> <span class='ocrx_word' id='word_1_168' title='bbox 1629 1863 1665 1924; x_wconf 88' lang='grc'><strong>31</strong></span> <span class='ocrx_word' id='word_1_169' title='bbox 1678 1859 1780 1924; x_wconf 90' lang='lat' dir='ltr'><strong>bonis</strong></span> <span class='ocrx_word' id='word_1_170' title='bbox 1798 1859 1953 1938; x_wconf 91' lang='lat' dir='ltr'><strong>operibus.</strong></span> 
     </span>
     <span class='ocr_line' id='line_1_17' title="bbox 302 1955 1863 2036; baseline 0.001 -20"><span class='ocrx_word' id='word_1_171' title='bbox 302 1955 462 2032; x_wconf 86' lang='lat' dir='ltr'><strong>gnificant</strong></span> <span class='ocrx_word' id='word_1_172' title='bbox 476 1960 565 2021; x_wconf 90' lang='lat' dir='ltr'><strong>enim</strong></span> <span class='ocrx_word' id='word_1_173' title='bbox 577 1960 645 2022; x_wconf 90' lang='lat' dir='ltr'><strong>tres</strong></span> <span class='ocrx_word' id='word_1_174' title='bbox 661 1961 726 2022; x_wconf 85' lang='lat' dir='ltr'><strong>illae</strong></span> <span class='ocrx_word' id='word_1_175' title='bbox 742 1961 897 2023; x_wconf 87' lang='lat' dir='ltr'><strong>mulieres</strong></span> <span class='ocrx_word' id='word_1_176' title='bbox 912 1962 980 2022; x_wconf 90' lang='lat' dir='ltr'><strong>tres</strong></span> <span class='ocrx_word' id='word_1_177' title='bbox 993 1960 1028 2022; x_wconf 93' lang='lat' dir='ltr'><strong>in</strong></span> <span class='ocrx_word' id='word_1_178' title='bbox 1040 1977 1103 2024; x_wconf 90' lang='lat' dir='ltr'><strong>no·</strong></span> <span class='ocrx_word' id='word_1_179' title='bbox 1156 1957 1202 2020; x_wconf 86' lang='lat' dir='ltr'><strong>De</strong></span> <span class='ocrx_word' id='word_1_180' title='bbox 1216 1958 1284 2020; x_wconf 89' lang='lat' dir='ltr'><strong>illis</strong></span> <span class='ocrx_word' id='word_1_181' title='bbox 1299 1961 1424 2036; x_wconf 81' lang='lat' dir='ltr'><strong>gratias</strong></span> <span class='ocrx_word' id='word_1_182' title='bbox 1439 1960 1537 2022; x_wconf 89' lang='lat' dir='ltr'><strong>homo</strong></span> <span class='ocrx_word' id='word_1_183' title='bbox 1553 1960 1652 2022; x_wconf 91' lang='lat' dir='ltr'><strong>debet</strong></span> <span class='ocrx_word' id='word_1_184' title='bbox 1667 1975 1772 2036; x_wconf 89' lang='lat' dir='ltr'><strong>agere</strong></span> <span class='ocrx_word' id='word_1_185' title='bbox 1785 1961 1863 2020; x_wconf 92' lang='lat' dir='ltr'><strong>Deo.</strong></span> 
     </span>
     <span class='ocr_line' id='line_1_18' title="bbox 302 2051 1954 2136; baseline 0 -23"><span class='ocrx_word' id='word_1_186' title='bbox 302 2051 354 2114; x_wconf 90' lang='lat' dir='ltr'><strong>bis</strong></span> <span class='ocrx_word' id='word_1_187' title='bbox 382 2055 596 2131; x_wconf 85' lang='lat' dir='ltr'><strong>efficientias,</strong></span> <span class='ocrx_word' id='word_1_188' title='bbox 628 2075 701 2136; x_wconf 79' lang='lat' dir='ltr'><strong>qum</strong></span> <span class='ocrx_word' id='word_1_189' title='bbox 733 2059 861 2120; x_wconf 90' lang='lat' dir='ltr'><strong>scilicet</strong></span> <span class='ocrx_word' id='word_1_190' title='bbox 890 2075 964 2120; x_wconf 90' lang='lat' dir='ltr'><strong>curn</strong></span> <span class='ocrx_word' id='word_1_191' title='bbox 993 2060 1102 2135; x_wconf 90' lang='lat' dir='ltr'><strong>gratia</strong></span> <span class='ocrx_word' id='word_1_192' title='bbox 1195 2057 1343 2117; x_wconf 90' lang='lat' dir='ltr'><strong>Primum</strong></span> <span class='ocrx_word' id='word_1_193' title='bbox 1354 2061 1559 2133; x_wconf 88' lang='lat' dir='ltr'><strong>unguentum</strong></span> <span class='ocrx_word' id='word_1_194' title='bbox 1570 2058 1605 2118; x_wconf 90' lang='lat' dir='ltr'><strong>in</strong></span> <span class='ocrx_word' id='word_1_195' title='bbox 1616 2057 1852 2135; x_wconf 87' lang='lat' dir='ltr'><strong>poenitentiam</strong></span> <span class='ocrx_word' id='word_1_196' title='bbox 1867 2053 1954 2115; x_wconf 84' lang='grc'><strong>311311</strong></span> 
     </span>
     <span class='ocr_line' id='line_1_19' title="bbox 303 2151 1956 2233; baseline 0 -22"><span class='ocrx_word' id='word_1_197' title='bbox 303 2154 484 2228; x_wconf 89' lang='lat' dir='ltr'><strong>operantur</strong></span> <span class='ocrx_word' id='word_1_198' title='bbox 502 2155 662 2217; x_wconf 89' lang='lat' dir='ltr'><strong>aromata.</strong></span> <span class='ocrx_word' id='word_1_199' title='bbox 687 2158 766 2228; x_wconf 86' lang='lat' dir='ltr'><strong>Quae</strong></span> <span class='ocrx_word' id='word_1_200' title='bbox 788 2159 864 2218; x_wconf 89' lang='lat' dir='ltr'><strong>sunt</strong></span> <span class='ocrx_word' id='word_1_201' title='bbox 887 2155 978 2218; x_wconf 85' lang='grc'><strong>111331</strong></span> <span class='ocrx_word' id='word_1_202' title='bbox 993 2158 1099 2228; x_wconf 90' lang='lat' dir='ltr'><strong>Mens,</strong></span> <span class='ocrx_word' id='word_1_203' title='bbox 1156 2153 1263 2216; x_wconf 90' lang='lat' dir='ltr'><strong>Maria</strong></span> <span class='ocrx_word' id='word_1_204' title='bbox 1285 2155 1482 2230; x_wconf 88' lang='lat' dir='ltr'><strong>Magdalena</strong></span> <span class='ocrx_word' id='word_1_205' title='bbox 1501 2171 1675 2233; x_wconf 89' lang='lat' dir='ltr'><strong>perquam</strong></span> <span class='ocrx_word' id='word_1_206' title='bbox 1691 2155 1775 2216; x_wconf 87' lang='grc'><strong>11133</strong></span> <span class='ocrx_word' id='word_1_207' title='bbox 1791 2151 1956 2228; x_wconf 87' lang='lat' dir='ltr'><strong>signitica-</strong></span> 
     </span>
     <span class='ocr_line' id='line_1_20' title="bbox 303 2251 1954 2332; baseline 0 -24"><span class='ocrx_word' id='word_1_208' title='bbox 303 2263 433 2322; x_wconf 87' lang='lat' dir='ltr'><strong>manus,</strong></span> <span class='ocrx_word' id='word_1_209' title='bbox 461 2251 586 2328; x_wconf 89' lang='lat' dir='ltr'><strong>lingua.</strong></span> <span class='ocrx_word' id='word_1_210' title='bbox 608 2253 722 2314; x_wconf 88' lang='lat' dir='ltr'><strong>Omnis</strong></span> <span class='ocrx_word' id='word_1_211' title='bbox 744 2254 833 2315; x_wconf 89' lang='lat' dir='ltr'><strong>enim</strong></span> <span class='ocrx_word' id='word_1_212' title='bbox 858 2254 915 2332; x_wconf 85' lang='lat' dir='ltr'><strong>qui</strong></span> <span class='ocrx_word' id='word_1_213' title='bbox 939 2254 1019 2316; x_wconf 91' lang='lat' dir='ltr'><strong>emit</strong></span> <span class='ocrx_word' id='word_1_214' title='bbox 1037 2255 1103 2315; x_wconf 88' lang='lat' dir='ltr'><strong>ali·</strong></span> <span class='ocrx_word' id='word_1_215' title='bbox 1155 2254 1220 2314; x_wconf 91' lang='lat' dir='ltr'><strong>tur.</strong></span> <span class='ocrx_word' id='word_1_216' title='bbox 1233 2253 1404 2329; x_wconf 83' lang='lat' dir='ltr'><strong>Namquia</strong></span> <span class='ocrx_word' id='word_1_217' title='bbox 1422 2252 1793 2315; x_wconf 86' lang='lat' dir='ltr'><strong>homocreditmortem</strong></span> <span class='ocrx_word' id='word_1_218' title='bbox 1806 2253 1954 2311; x_wconf 76' lang='grc'><strong>31311313</strong></span> 
     </span>
     <span class='ocr_line' id='line_1_21' title="bbox 304 2346 1952 2430; baseline 0 -25"><span class='ocrx_word' id='word_1_219' title='bbox 304 2346 395 2423; x_wconf 88' lang='lat' dir='ltr'><strong>quid,</strong></span> <span class='ocrx_word' id='word_1_220' title='bbox 410 2347 467 2410; x_wconf 90' lang='lat' dir='ltr'><strong>dat</strong></span> <span class='ocrx_word' id='word_1_221' title='bbox 479 2349 512 2410; x_wconf 90' lang='lat' dir='ltr'><strong>ct</strong></span> <span class='ocrx_word' id='word_1_222' title='bbox 524 2349 655 2427; x_wconf 90' lang='lat' dir='ltr'><strong>accipit,</strong></span> <span class='ocrx_word' id='word_1_223' title='bbox 677 2351 710 2412; x_wconf 91' lang='lat' dir='ltr'><strong>et</strong></span> <span class='ocrx_word' id='word_1_224' title='bbox 735 2351 821 2429; x_wconf 88' lang='lat' dir='ltr'><strong>quod</strong></span> <span class='ocrx_word' id='word_1_225' title='bbox 846 2351 903 2413; x_wconf 90' lang='lat' dir='ltr'><strong>dat</strong></span> <span class='ocrx_word' id='word_1_226' title='bbox 917 2351 1042 2430; x_wconf 88' lang='lat' dir='ltr'><strong>perdet,</strong></span> <span class='ocrx_word' id='word_1_227' title='bbox 1066 2352 1102 2413; x_wconf 90' lang='lat' dir='ltr'><strong>ut</strong></span> <span class='ocrx_word' id='word_1_228' title='bbox 1157 2352 1191 2411; x_wconf 89' lang='lat' dir='ltr'><strong>et</strong></span> <span class='ocrx_word' id='word_1_229' title='bbox 1213 2365 1328 2427; x_wconf 89' lang='lat' dir='ltr'><strong>poenas</strong></span> <span class='ocrx_word' id='word_1_230' title='bbox 1342 2349 1467 2412; x_wconf 85' lang='lat' dir='ltr'><strong>inferni</strong></span> <span class='ocrx_word' id='word_1_231' title='bbox 1481 2351 1659 2412; x_wconf 89' lang='lat' dir='ltr'><strong>imminere</strong></span> <span class='ocrx_word' id='word_1_232' title='bbox 1683 2347 1952 2427; x_wconf 88' lang='lat' dir='ltr'><strong>peccatoribuset</strong></span> 
     </span>
     <span class='ocr_line' id='line_1_22' title="bbox 303 2444 1951 2526; baseline -0.001 -23"><span class='ocrx_word' id='word_1_233' title='bbox 303 2444 476 2520; x_wconf 89' lang='lat' dir='ltr'><strong>possideat</strong></span> <span class='ocrx_word' id='word_1_234' title='bbox 503 2447 589 2524; x_wconf 87' lang='lat' dir='ltr'><strong>quod</strong></span> <span class='ocrx_word' id='word_1_235' title='bbox 608 2447 747 2526; x_wconf 79' lang='lat' dir='ltr'><strong>accipit.</strong></span> <span class='ocrx_word' id='word_1_236' title='bbox 783 2449 846 2512; x_wconf 91' lang='lat' dir='ltr'><strong>Dat</strong></span> <span class='ocrx_word' id='word_1_237' title='bbox 877 2449 981 2526; x_wconf 90' lang='lat' dir='ltr'><strong>igitur</strong></span> <span class='ocrx_word' id='word_1_238' title='bbox 1008 2464 1101 2511; x_wconf 90' lang='lat' dir='ltr'><strong>mens</strong></span> <span class='ocrx_word' id='word_1_239' title='bbox 1156 2447 1456 2525; x_wconf 85' lang='lat' dir='ltr'><strong>impoenitentibus,</strong></span> <span class='ocrx_word' id='word_1_240' title='bbox 1487 2449 1723 2510; x_wconf 88' lang='lat' dir='ltr'><strong>remissionem</strong></span> <span class='ocrx_word' id='word_1_241' title='bbox 1752 2445 1951 2523; x_wconf 89' lang='lat' dir='ltr'><strong>peccatorum</strong></span> 
     </span>
     <span class='ocr_line' id='line_1_23' title="bbox 303 2541 1952 2624; baseline -0.002 -20"><span class='ocrx_word' id='word_1_242' title='bbox 303 2556 476 2604; x_wconf 88' lang='lat' dir='ltr'><strong>nummum</strong></span> <span class='ocrx_word' id='word_1_243' title='bbox 495 2545 638 2622; x_wconf 82' lang='lat' dir='ltr'><strong>proprias</strong></span> <span class='ocrx_word' id='word_1_244' title='bbox 657 2546 848 2619; x_wconf 84' lang='lat' dir='ltr'><strong>uoluntatis,</strong></span> <span class='ocrx_word' id='word_1_245' title='bbox 876 2547 909 2608; x_wconf 92' lang='lat' dir='ltr'><strong>et</strong></span> <span class='ocrx_word' id='word_1_246' title='bbox 933 2548 1103 2624; x_wconf 91' lang='lat' dir='ltr'><strong>comparat</strong></span> <span class='ocrx_word' id='word_1_247' title='bbox 1156 2546 1189 2608; x_wconf 91' lang='lat' dir='ltr'><strong>et</strong></span> <span class='ocrx_word' id='word_1_248' title='bbox 1198 2547 1336 2622; x_wconf 87' lang='lat' dir='ltr'><strong>insuper</strong></span> <span class='ocrx_word' id='word_1_249' title='bbox 1344 2546 1447 2608; x_wconf 83' lang='lat' dir='ltr'><strong>vitam</strong></span> <span class='ocrx_word' id='word_1_250' title='bbox 1458 2548 1616 2608; x_wconf 86' lang='lat' dir='ltr'><strong>aeternam</strong></span> <span class='ocrx_word' id='word_1_251' title='bbox 1627 2546 1704 2607; x_wconf 89' lang='lat' dir='ltr'><strong>dari</strong></span> <span class='ocrx_word' id='word_1_252' title='bbox 1715 2541 1952 2622; x_wconf 87' lang='lat' dir='ltr'><strong>poenitentibus,</strong></span> 
     </span>
     <span class='ocr_line' id='line_1_24' title="bbox 303 2638 1952 2722; baseline -0.002 -22"><span class='ocrx_word' id='word_1_253' title='bbox 303 2638 459 2701; x_wconf 83' lang='lat' dir='ltr'><strong>affectum</strong></span> <span class='ocrx_word' id='word_1_254' title='bbox 472 2643 722 2719; x_wconf 89' lang='lat' dir='ltr'><strong>compassionis,</strong></span> <span class='ocrx_word' id='word_1_255' title='bbox 739 2645 846 2706; x_wconf 89' lang='lat' dir='ltr'><strong>zelum</strong></span> <span class='ocrx_word' id='word_1_256' title='bbox 864 2644 1016 2722; x_wconf 88' lang='lat' dir='ltr'><strong>justitiae,</strong></span> <span class='ocrx_word' id='word_1_257' title='bbox 1033 2644 1103 2706; x_wconf 89' lang='lat' dir='ltr'><strong>dis·</strong></span> <span class='ocrx_word' id='word_1_258' title='bbox 1156 2644 1226 2720; x_wconf 89' lang='lat' dir='ltr'><strong>agit</strong></span> <span class='ocrx_word' id='word_1_259' title='bbox 1247 2642 1287 2704; x_wconf 91' lang='grc'><strong>13</strong></span> <span class='ocrx_word' id='word_1_260' title='bbox 1311 2643 1455 2720; x_wconf 88' lang='lat' dir='ltr'><strong>peccatis</strong></span> <span class='ocrx_word' id='word_1_261' title='bbox 1480 2645 1550 2704; x_wconf 92' lang='lat' dir='ltr'><strong>suls</strong></span> <span class='ocrx_word' id='word_1_262' title='bbox 1569 2643 1816 2720; x_wconf 73' lang='lat' dir='ltr'><strong>poenitendam.</strong></span> <span class='ocrx_word' id='word_1_263' title='bbox 1837 2642 1952 2702; x_wconf 86' lang='lat' dir='ltr'><strong>Secun-</strong></span> 
     </span>
     <span class='ocr_line' id='line_1_25' title="bbox 303 2733 1950 2816; baseline -0.001 -20"><span class='ocrx_word' id='word_1_264' title='bbox 303 2737 484 2798; x_wconf 88' lang='lat' dir='ltr'><strong>cretionem</strong></span> <span class='ocrx_word' id='word_1_265' title='bbox 495 2740 638 2802; x_wconf 89' lang='lat' dir='ltr'><strong>consilii.</strong></span> <span class='ocrx_word' id='word_1_266' title='bbox 649 2742 836 2803; x_wconf 90' lang='lat' dir='ltr'><strong>Datmanus</strong></span> <span class='ocrx_word' id='word_1_267' title='bbox 847 2759 1017 2806; x_wconf 90' lang='lat' dir='ltr'><strong>nummum</strong></span> <span class='ocrx_word' id='word_1_268' title='bbox 1028 2742 1102 2804; x_wconf 87' lang='lat' dir='ltr'><strong>obe·</strong></span> <span class='ocrx_word' id='word_1_269' title='bbox 1156 2741 1233 2802; x_wconf 90' lang='lat' dir='ltr'><strong>dum</strong></span> <span class='ocrx_word' id='word_1_270' title='bbox 1248 2742 1465 2816; x_wconf 87' lang='lat' dir='ltr'><strong>unguentum,</strong></span> <span class='ocrx_word' id='word_1_271' title='bbox 1485 2741 1582 2813; x_wconf 90' lang='lat' dir='ltr'><strong>idest,</strong></span> <span class='ocrx_word' id='word_1_272' title='bbox 1604 2738 1881 2808; x_wconf 89' lang='lat' dir='ltr'><strong>misericordiam,</strong></span> <span class='ocrx_word' id='word_1_273' title='bbox 1903 2733 1950 2796; x_wconf 89' lang='lat' dir='ltr'><strong>ol·</strong></span> 
     </span>
     <span class='ocr_line' id='line_1_26' title="bbox 303 2832 1949 2916; baseline -0.001 -23"><span class='ocrx_word' id='word_1_274' title='bbox 303 2832 448 2908; x_wconf 89' lang='lat' dir='ltr'><strong>dientiae,</strong></span> <span class='ocrx_word' id='word_1_275' title='bbox 474 2837 1043 2913; x_wconf 86' lang='grc'><strong>3131111111331133311111311113111,</strong></span> <span class='ocrx_word' id='word_1_276' title='bbox 1066 2840 1101 2901; x_wconf 89' lang='lat' dir='ltr'><strong>in</strong></span> <span class='ocrx_word' id='word_1_277' title='bbox 1155 2838 1219 2900; x_wconf 88' lang='grc'><strong>1311</strong></span> <span class='ocrx_word' id='word_1_278' title='bbox 1243 2838 1351 2900; x_wconf 90' lang='lat' dir='ltr'><strong>Maria</strong></span> <span class='ocrx_word' id='word_1_279' title='bbox 1373 2838 1500 2911; x_wconf 80' lang='lat' dir='ltr'><strong>iacobi,</strong></span> <span class='ocrx_word' id='word_1_280' title='bbox 1522 2855 1580 2915; x_wconf 89' lang='lat' dir='ltr'><strong>per</strong></span> <span class='ocrx_word' id='word_1_281' title='bbox 1602 2855 1704 2916; x_wconf 88' lang='lat' dir='ltr'><strong>quam</strong></span> <span class='ocrx_word' id='word_1_282' title='bbox 1733 2852 1809 2914; x_wconf 91' lang='lat' dir='ltr'><strong>spes</strong></span> <span class='ocrx_word' id='word_1_283' title='bbox 1833 2832 1949 2896; x_wconf 90' lang='lat' dir='ltr'><strong>intelli-</strong></span> 
     </span>
     <span class='ocr_line' id='line_1_27' title="bbox 303 2928 1950 3015; baseline -0.004 -21"><span class='ocrx_word' id='word_1_284' title='bbox 303 2931 519 2996; x_wconf 86' lang='lat' dir='ltr'><strong>tribulatione</strong></span> <span class='ocrx_word' id='word_1_285' title='bbox 538 2935 743 3012; x_wconf 86' lang='lat' dir='ltr'><strong>patientiam,</strong></span> <span class='ocrx_word' id='word_1_286' title='bbox 767 2937 923 3015; x_wconf 91' lang='lat' dir='ltr'><strong>inopere</strong></span> <span class='ocrx_word' id='word_1_287' title='bbox 943 2953 1102 3014; x_wconf 83' lang='lat' dir='ltr'><strong>perseue—</strong></span> <span class='ocrx_word' id='word_1_288' title='bbox 1156 2937 1256 3012; x_wconf 87' lang='lat' dir='ltr'><strong>gltur.</strong></span> <span class='ocrx_word' id='word_1_289' title='bbox 1277 2939 1362 2998; x_wconf 89' lang='lat' dir='ltr'><strong>Nam</strong></span> <span class='ocrx_word' id='word_1_290' title='bbox 1378 2937 1477 2998; x_wconf 92' lang='lat' dir='ltr'><strong>homo</strong></span> <span class='ocrx_word' id='word_1_291' title='bbox 1496 2935 1571 2998; x_wconf 92' lang='lat' dir='ltr'><strong>ideo</strong></span> <span class='ocrx_word' id='word_1_292' title='bbox 1593 2934 1861 2998; x_wconf 88' lang='lat' dir='ltr'><strong>misericordiam</strong></span> <span class='ocrx_word' id='word_1_293' title='bbox 1881 2928 1950 2990; x_wconf 87' lang='grc'><strong>13311</strong></span> 
     </span>
     <span class='ocr_line' id='line_1_28' title="bbox 302 3029 1947 3112; baseline -0.003 -22"><span class='ocrx_word' id='word_1_294' title='bbox 302 3030 459 3092; x_wconf 82' lang='lat' dir='ltr'><strong>rentiam.</strong></span> <span class='ocrx_word' id='word_1_295' title='bbox 477 3033 539 3095; x_wconf 89' lang='lat' dir='ltr'><strong>Dat</strong></span> <span class='ocrx_word' id='word_1_296' title='bbox 557 3033 671 3110; x_wconf 89' lang='lat' dir='ltr'><strong>lingua</strong></span> <span class='ocrx_word' id='word_1_297' title='bbox 684 3049 854 3096; x_wconf 90' lang='lat' dir='ltr'><strong>nummum</strong></span> <span class='ocrx_word' id='word_1_298' title='bbox 868 3035 1100 3108; x_wconf 84' lang='lat' dir='ltr'><strong>confessionis,</strong></span> <span class='ocrx_word' id='word_1_299' title='bbox 1156 3033 1296 3108; x_wconf 91' lang='lat' dir='ltr'><strong>bomini,</strong></span> <span class='ocrx_word' id='word_1_300' title='bbox 1313 3034 1392 3112; x_wconf 87' lang='lat' dir='ltr'><strong>quia</strong></span> <span class='ocrx_word' id='word_1_301' title='bbox 1413 3034 1680 3096; x_wconf 90' lang='lat' dir='ltr'><strong>misericordiam</strong></span> <span class='ocrx_word' id='word_1_302' title='bbox 1697 3033 1771 3094; x_wconf 89' lang='grc'><strong>11311</strong></span> <span class='ocrx_word' id='word_1_303' title='bbox 1793 3029 1855 3091; x_wconf 88' lang='lat' dir='ltr'><strong>sibi</strong></span> <span class='ocrx_word' id='word_1_304' title='bbox 1876 3042 1947 3102; x_wconf 89' lang='lat' dir='ltr'><strong>spe-</strong></span> 
     </span>
     <span class='ocr_line' id='line_1_29' title="bbox 304 3127 1947 3210; baseline -0.003 -22"><span class='ocrx_word' id='word_1_305' title='bbox 304 3128 337 3188; x_wconf 88' lang='grc'><strong>31</strong></span> <span class='ocrx_word' id='word_1_306' title='bbox 351 3128 473 3204; x_wconf 90' lang='lat' dir='ltr'><strong>accipit</strong></span> <span class='ocrx_word' id='word_1_307' title='bbox 495 3130 656 3192; x_wconf 88' lang='lat' dir='ltr'><strong>medelam</strong></span> <span class='ocrx_word' id='word_1_308' title='bbox 677 3132 712 3191; x_wconf 91' lang='lat' dir='ltr'><strong>in</strong></span> <span class='ocrx_word' id='word_1_309' title='bbox 734 3132 954 3208; x_wconf 89' lang='lat' dir='ltr'><strong>correptione,</strong></span> <span class='ocrx_word' id='word_1_310' title='bbox 972 3133 1101 3210; x_wconf 91' lang='lat' dir='ltr'><strong>copiam</strong></span> <span class='ocrx_word' id='word_1_311' title='bbox 1156 3132 1250 3193; x_wconf 89' lang='grc'><strong>1313</strong></span> <span class='ocrx_word' id='word_1_312' title='bbox 1273 3131 1423 3204; x_wconf 87' lang='lat' dir='ltr'><strong>Domine,</strong></span> <span class='ocrx_word' id='word_1_313' title='bbox 1446 3130 1576 3193; x_wconf 87' lang='lat' dir='ltr'><strong>dicente</strong></span> <span class='ocrx_word' id='word_1_314' title='bbox 1605 3133 1679 3208; x_wconf 90' lang='lat' dir='ltr'><strong>ipso</strong></span> <span class='ocrx_word' id='word_1_315' title='bbox 1703 3154 1711 3191; x_wconf 92' lang='lat'><strong>:</strong></span> <span class='ocrx_word' id='word_1_316' title='bbox 1734 3127 1947 3191; x_wconf 74' lang='grc'><strong>3331131133-</strong></span> 
     </span>
     <span class='ocr_line' id='line_1_30' title="bbox 302 3212 1945 3308; baseline -0.002 -24"><span class='ocrx_word' id='word_1_317' title='bbox 302 3212 338 3286; x_wconf 87' lang='grc'><strong>111</strong></span> <span class='ocrx_word' id='word_1_318' title='bbox 373 3217 615 3300; x_wconf 84' lang='lat' dir='ltr'><strong>exhortatione,</strong></span> <span class='ocrx_word' id='word_1_319' title='bbox 652 3227 865 3290; x_wconf 83' lang='lat' dir='ltr'><strong>efficientiam</strong></span> <span class='ocrx_word' id='word_1_320' title='bbox 899 3231 935 3291; x_wconf 91' lang='lat' dir='ltr'><strong>in</strong></span> <span class='ocrx_word' id='word_1_321' title='bbox 961 3246 1103 3308; x_wconf 89' lang='lat' dir='ltr'><strong>persua·</strong></span> <span class='ocrx_word' id='word_1_322' title='bbox 1157 3232 1322 3301; x_wconf 75' lang='grc'><strong>113313133,</strong></span> <span class='ocrx_word' id='word_1_323' title='bbox 1338 3228 1945 3304; x_wconf 72' lang='lat' dir='ltr'><strong>qoocmmtpstmcertcorcmmcon-</strong></span> 
     </span>
     <span class='ocr_line' id='line_1_31' title="bbox 305 3322 1947 3406; baseline -0.004 -23"><span class='ocrx_word' id='word_1_324' title='bbox 305 3322 410 3384; x_wconf 90' lang='lat' dir='ltr'><strong>sione.</strong></span> <span class='ocrx_word' id='word_1_325' title='bbox 1156 3327 1346 3400; x_wconf 72' lang='lat' dir='ltr'><strong>scortentur</strong></span> <span class='ocrx_word' id='word_1_326' title='bbox 1367 3323 1498 3406; x_wconf 87' lang='lat' dir='ltr'><strong>(Matth.</strong></span> <span class='ocrx_word' id='word_1_327' title='bbox 1519 3343 1551 3388; x_wconf 83' lang='lat' dir='ltr'><strong>v.</strong></span> <span class='ocrx_word' id='word_1_328' title='bbox 1572 3323 1617 3405; x_wconf 82' lang='lat'><strong>7).</strong></span> <span class='ocrx_word' id='word_1_329' title='bbox 1636 3325 1787 3388; x_wconf 84' lang='lat' dir='ltr'><strong>Tertium</strong></span> <span class='ocrx_word' id='word_1_330' title='bbox 1802 3333 1947 3396; x_wconf 90' lang='lat' dir='ltr'><strong>unguen·</strong></span> 
     </span>
     <span class='ocr_line' id='line_1_32' title="bbox 342 3413 1942 3504; baseline -0.004 -24"><span class='ocrx_word' id='word_1_331' title='bbox 342 3420 477 3484; x_wconf 81' lang='lat' dir='ltr'><strong>Talibus</strong></span> <span class='ocrx_word' id='word_1_332' title='bbox 506 3424 682 3500; x_wconf 89' lang='lat' dir='ltr'><strong>unguentis</strong></span> <span class='ocrx_word' id='word_1_333' title='bbox 719 3425 911 3504; x_wconf 91' lang='lat' dir='ltr'><strong>compositis</strong></span> <span class='ocrx_word' id='word_1_334' title='bbox 946 3426 1024 3488; x_wconf 92' lang='lat' dir='ltr'><strong>dum</strong></span> <span class='ocrx_word' id='word_1_335' title='bbox 1061 3426 1101 3488; x_wconf 90' lang='lat' dir='ltr'><strong>ad</strong></span> <span class='ocrx_word' id='word_1_336' title='bbox 1156 3424 1237 3492; x_wconf 90' lang='lat' dir='ltr'><strong>tum,</strong></span> <span class='ocrx_word' id='word_1_337' title='bbox 1249 3423 1345 3492; x_wconf 90' lang='lat' dir='ltr'><strong>idest,</strong></span> <span class='ocrx_word' id='word_1_338' title='bbox 1354 3423 1538 3500; x_wconf 90' lang='lat' dir='ltr'><strong>gratiarum</strong></span> <span class='ocrx_word' id='word_1_339' title='bbox 1551 3423 1718 3484; x_wconf 89' lang='lat' dir='ltr'><strong>actionem</strong></span> <span class='ocrx_word' id='word_1_340' title='bbox 1735 3420 1833 3483; x_wconf 87' lang='grc'><strong>311311</strong></span> <span class='ocrx_word' id='word_1_341' title='bbox 1846 3413 1942 3478; x_wconf 86' lang='grc'><strong>113113</strong></span> 
     </span>
     <span class='ocr_line' id='line_1_33' title="bbox 301 3512 1942 3602; baseline -0.005 -23"><span class='ocrx_word' id='word_1_342' title='bbox 301 3522 551 3582; x_wconf 90' lang='lat' dir='ltr'><strong>monumentum</strong></span> <span class='ocrx_word' id='word_1_343' title='bbox 572 3523 672 3584; x_wconf 90' lang='lat' dir='ltr'><strong>simul</strong></span> <span class='ocrx_word' id='word_1_344' title='bbox 694 3523 844 3597; x_wconf 82' lang='lat' dir='ltr'><strong>veniunt,</strong></span> <span class='ocrx_word' id='word_1_345' title='bbox 868 3523 1102 3602; x_wconf 87' lang='lat' dir='ltr'><strong>colloquuntur</strong></span> <span class='ocrx_word' id='word_1_346' title='bbox 1157 3521 1310 3590; x_wconf 87' lang='lat' dir='ltr'><strong>Salome,</strong></span> <span class='ocrx_word' id='word_1_347' title='bbox 1337 3536 1514 3598; x_wconf 87' lang='lat' dir='ltr'><strong>perquam</strong></span> <span class='ocrx_word' id='word_1_348' title='bbox 1541 3520 1689 3582; x_wconf 87' lang='lat' dir='ltr'><strong>charitas</strong></span> <span class='ocrx_word' id='word_1_349' title='bbox 1728 3512 1942 3595; x_wconf 79' lang='lat' dir='ltr'><strong>significatur,</strong></span> 
     </span>
     <span class='ocr_line' id='line_1_34' title="bbox 302 3607 1945 3695; baseline -0.005 -19"><span class='ocrx_word' id='word_1_350' title='bbox 302 3615 367 3676; x_wconf 90' lang='lat' dir='ltr'><strong>sibi</strong></span> <span class='ocrx_word' id='word_1_351' title='bbox 381 3617 524 3681; x_wconf 89' lang='lat' dir='ltr'><strong>invicem</strong></span> <span class='ocrx_word' id='word_1_352' title='bbox 539 3621 572 3682; x_wconf 91' lang='grc'><strong>31</strong></span> <span class='ocrx_word' id='word_1_353' title='bbox 586 3621 818 3688; x_wconf 74' lang='grc'><strong>1133111033</strong></span> <span class='ocrx_word' id='word_1_354' title='bbox 834 3623 988 3684; x_wconf 75' lang='lat' dir='ltr'><strong>revolvet</strong></span> <span class='ocrx_word' id='word_1_355' title='bbox 1006 3625 1102 3684; x_wconf 82' lang='lat' dir='ltr'><strong>cobis</strong></span> <span class='ocrx_word' id='word_1_356' title='bbox 1157 3618 1314 3695; x_wconf 89' lang='lat' dir='ltr'><strong>quoniam</strong></span> <span class='ocrx_word' id='word_1_357' title='bbox 1353 3634 1397 3679; x_wconf 81' lang='lat' dir='ltr'><strong>ex</strong></span> <span class='ocrx_word' id='word_1_358' title='bbox 1433 3634 1497 3695; x_wconf 87' lang='lat' dir='ltr'><strong>quo</strong></span> <span class='ocrx_word' id='word_1_359' title='bbox 1531 3617 1630 3680; x_wconf 90' lang='lat' dir='ltr'><strong>bomo</strong></span> <span class='ocrx_word' id='word_1_360' title='bbox 1667 3615 1815 3695; x_wconf 88' lang='lat' dir='ltr'><strong>perlecto</strong></span> <span class='ocrx_word' id='word_1_361' title='bbox 1846 3607 1945 3683; x_wconf 91' lang='lat' dir='ltr'><strong>diligit</strong></span> 
     </span>
     <span class='ocr_line' id='line_1_35' title="bbox 300 3703 1944 3798; baseline -0.007 -23"><span class='ocrx_word' id='word_1_362' title='bbox 300 3717 449 3788; x_wconf 76' lang='lat' dir='ltr'><strong>lapidem</strong></span> <span class='ocrx_word' id='word_1_363' title='bbox 460 3717 1102 3798; x_wconf 81' lang='lat' dir='ltr'><strong>cbestiomenumcntt(ldarc.xu1,3)l</strong></span> <span class='ocrx_word' id='word_1_364' title='bbox 1156 3719 1271 3790; x_wconf 89' lang='lat' dir='ltr'><strong>Deum,</strong></span> <span class='ocrx_word' id='word_1_365' title='bbox 1287 3715 1433 3777; x_wconf 89' lang='lat' dir='ltr'><strong>abstinet</strong></span> <span class='ocrx_word' id='word_1_366' title='bbox 1447 3731 1482 3776; x_wconf 91' lang='grc'><strong>33</strong></span> <span class='ocrx_word' id='word_1_367' title='bbox 1498 3715 1539 3777; x_wconf 94' lang='lat' dir='ltr'><strong>ab</strong></span> <span class='ocrx_word' id='word_1_368' title='bbox 1555 3715 1644 3777; x_wconf 92' lang='lat' dir='ltr'><strong>omni</strong></span> <span class='ocrx_word' id='word_1_369' title='bbox 1659 3715 1762 3785; x_wconf 90' lang='lat' dir='ltr'><strong>malo,</strong></span> <span class='ocrx_word' id='word_1_370' title='bbox 1779 3712 1812 3773; x_wconf 91' lang='lat' dir='ltr'><strong>et</strong></span> <span class='ocrx_word' id='word_1_371' title='bbox 1825 3703 1944 3770; x_wconf 82' lang='lat' dir='ltr'><strong>exercet</strong></span> 
     </span>
     <span class='ocr_line' id='line_1_36' title="bbox 301 3801 1945 3893; baseline -0.004 -23"><span class='ocrx_word' id='word_1_372' title='bbox 301 3812 403 3888; x_wconf 88' lang='lat' dir='ltr'><strong>Lapis</strong></span> <span class='ocrx_word' id='word_1_373' title='bbox 418 3812 481 3874; x_wconf 91' lang='lat' dir='ltr'><strong>iste</strong></span> <span class='ocrx_word' id='word_1_374' title='bbox 496 3815 546 3875; x_wconf 92' lang='grc'><strong>331</strong></span> <span class='ocrx_word' id='word_1_375' title='bbox 559 3813 612 3875; x_wconf 80' lang='lat' dir='ltr'><strong>uel</strong></span> <span class='ocrx_word' id='word_1_376' title='bbox 634 3814 738 3876; x_wconf 90' lang='lat' dir='ltr'><strong>nimia</strong></span> <span class='ocrx_word' id='word_1_377' title='bbox 756 3814 911 3884; x_wconf 68' lang='lat' dir='ltr'><strong>tristitia,⁸</strong></span> <span class='ocrx_word' id='word_1_378' title='bbox 924 3815 978 3876; x_wconf 86' lang='lat' dir='ltr'><strong>vel</strong></span> <span class='ocrx_word' id='word_1_379' title='bbox 992 3815 1101 3893; x_wconf 88' lang='lat' dir='ltr'><strong>pigri·</strong></span> <span class='ocrx_word' id='word_1_380' title='bbox 1157 3830 1193 3874; x_wconf 92' lang='lat' dir='ltr'><strong>se</strong></span> <span class='ocrx_word' id='word_1_381' title='bbox 1216 3813 1252 3874; x_wconf 92' lang='lat' dir='ltr'><strong>in</strong></span> <span class='ocrx_word' id='word_1_382' title='bbox 1275 3813 1366 3874; x_wconf 91' lang='lat' dir='ltr'><strong>omni</strong></span> <span class='ocrx_word' id='word_1_383' title='bbox 1389 3829 1489 3890; x_wconf 91' lang='lat' dir='ltr'><strong>opere</strong></span> <span class='ocrx_word' id='word_1_384' title='bbox 1511 3812 1609 3884; x_wconf 92' lang='lat' dir='ltr'><strong>bono,</strong></span> <span class='ocrx_word' id='word_1_385' title='bbox 1630 3813 1719 3874; x_wconf 90' lang='lat' dir='ltr'><strong>uude</strong></span> <span class='ocrx_word' id='word_1_386' title='bbox 1741 3809 1863 3888; x_wconf 88' lang='lat' dir='ltr'><strong>gratias</strong></span> <span class='ocrx_word' id='word_1_387' title='bbox 1885 3801 1945 3878; x_wconf 83' lang='lat' dir='ltr'><strong>agit</strong></span> 
     </span>
     <span class='ocr_line' id='line_1_37' title="bbox 300 3899 1944 3990; baseline -0.007 -21"><span class='ocrx_word' id='word_1_388' title='bbox 300 3905 360 3977; x_wconf 87' lang='lat' dir='ltr'><strong>tia,</strong></span> <span class='ocrx_word' id='word_1_389' title='bbox 388 3910 440 3970; x_wconf 86' lang='lat' dir='ltr'><strong>vel</strong></span> <span class='ocrx_word' id='word_1_390' title='bbox 466 3911 601 3985; x_wconf 89' lang='lat' dir='ltr'><strong>duritia,</strong></span> <span class='ocrx_word' id='word_1_391' title='bbox 626 3929 710 3990; x_wconf 84' lang='lat' dir='ltr'><strong>quae,</strong></span> <span class='ocrx_word' id='word_1_392' title='bbox 741 3913 818 3974; x_wconf 90' lang='lat' dir='ltr'><strong>dum</strong></span> <span class='ocrx_word' id='word_1_393' title='bbox 843 3912 952 3974; x_wconf 90' lang='lat' dir='ltr'><strong>cordis</strong></span> <span class='ocrx_word' id='word_1_394' title='bbox 975 3912 1102 3974; x_wconf 90' lang='lat' dir='ltr'><strong>aditum</strong></span> <span class='ocrx_word' id='word_1_395' title='bbox 1156 3913 1235 3973; x_wconf 89' lang='lat' dir='ltr'><strong>Deo.</strong></span> <span class='ocrx_word' id='word_1_396' title='bbox 1250 3910 1401 3972; x_wconf 83' lang='lat' dir='ltr'><strong>Praelatis</strong></span> <span class='ocrx_word' id='word_1_397' title='bbox 1420 3910 1524 3987; x_wconf 90' lang='lat' dir='ltr'><strong>igitur</strong></span> <span class='ocrx_word' id='word_1_398' title='bbox 1541 3909 1648 3972; x_wconf 87' lang='lat' dir='ltr'><strong>tribus</strong></span> <span class='ocrx_word' id='word_1_399' title='bbox 1664 3905 1844 3986; x_wconf 90' lang='lat' dir='ltr'><strong>unguentis</strong></span> <span class='ocrx_word' id='word_1_400' title='bbox 1858 3899 1944 3962; x_wconf 90' lang='lat' dir='ltr'><strong>redo-</strong></span> 
     </span>
     <span class='ocr_line' id='line_1_38' title="bbox 302 3997 1942 4088; baseline -0.005 -22"><span class='ocrx_word' id='word_1_401' title='bbox 302 4005 487 4080; x_wconf 88' lang='lat' dir='ltr'><strong>obstruunt,</strong></span> <span class='ocrx_word' id='word_1_402' title='bbox 511 4008 635 4072; x_wconf 81' lang='lat' dir='ltr'><strong>frustra</strong></span> <span class='ocrx_word' id='word_1_403' title='bbox 662 4011 701 4072; x_wconf 90' lang='lat' dir='ltr'><strong>ad</strong></span> <span class='ocrx_word' id='word_1_404' title='bbox 719 4011 908 4088; x_wconf 88' lang='lat' dir='ltr'><strong>ungendum</strong></span> <span class='ocrx_word' id='word_1_405' title='bbox 937 4012 1102 4074; x_wconf 91' lang='lat' dir='ltr'><strong>mortuum</strong></span> <span class='ocrx_word' id='word_1_406' title='bbox 1157 4010 1273 4082; x_wconf 90' lang='grc'><strong>1311133,</strong></span> <span class='ocrx_word' id='word_1_407' title='bbox 1289 4008 1410 4070; x_wconf 89' lang='grc'><strong>1131133</strong></span> <span class='ocrx_word' id='word_1_408' title='bbox 1423 4007 1624 4080; x_wconf 89' lang='lat' dir='ltr'><strong>charissimi,</strong></span> <span class='ocrx_word' id='word_1_409' title='bbox 1639 4006 1736 4076; x_wconf 89' lang='lat' dir='ltr'><strong>idest,</strong></span> <span class='ocrx_word' id='word_1_410' title='bbox 1752 3997 1942 4083; x_wconf 88' lang='lat' dir='ltr'><strong>poenitentia,</strong></span> 
     </span>
     <span class='ocr_line' id='line_1_39' title="bbox 303 4098 1942 4192; baseline -0.004 -27"><span class='ocrx_word' id='word_1_411' title='bbox 303 4121 396 4166; x_wconf 90' lang='lat' dir='ltr'><strong>mens</strong></span> <span class='ocrx_word' id='word_1_412' title='bbox 410 4108 464 4168; x_wconf 84' lang='lat' dir='ltr'><strong>vel</strong></span> <span class='ocrx_word' id='word_1_413' title='bbox 479 4124 597 4170; x_wconf 90' lang='lat' dir='ltr'><strong>manus</strong></span> <span class='ocrx_word' id='word_1_414' title='bbox 611 4109 788 4186; x_wconf 90' lang='lat' dir='ltr'><strong>vellingua</strong></span> <span class='ocrx_word' id='word_1_415' title='bbox 803 4127 876 4172; x_wconf 91' lang='lat' dir='ltr'><strong>oum</strong></span> <span class='ocrx_word' id='word_1_416' title='bbox 902 4109 1104 4192; x_wconf 85' lang='lat' dir='ltr'><strong>quibuslibet</strong></span> <span class='ocrx_word' id='word_1_417' title='bbox 1157 4106 1388 4168; x_wconf 88' lang='lat' dir='ltr'><strong>misericordia</strong></span> <span class='ocrx_word' id='word_1_418' title='bbox 1409 4106 1442 4168; x_wconf 90' lang='lat' dir='ltr'><strong>et</strong></span> <span class='ocrx_word' id='word_1_419' title='bbox 1464 4105 1647 4182; x_wconf 86' lang='lat' dir='ltr'><strong>gratiarum</strong></span> <span class='ocrx_word' id='word_1_420' title='bbox 1678 4105 1810 4166; x_wconf 88' lang='lat' dir='ltr'><strong>actione</strong></span> <span class='ocrx_word' id='word_1_421' title='bbox 1833 4098 1871 4160; x_wconf 88' lang='grc'><strong>31</strong></span> <span class='ocrx_word' id='word_1_422' title='bbox 1893 4107 1942 4154; x_wconf 82' lang='lat' dir='ltr'><strong>se-</strong></span> 
     </span>
     <span class='ocr_line' id='line_1_40' title="bbox 302 4193 1943 4284; baseline -0.007 -22"><span class='ocrx_word' id='word_1_423' title='bbox 302 4204 506 4267; x_wconf 89' lang='lat' dir='ltr'><strong>aromatibus</strong></span> <span class='ocrx_word' id='word_1_424' title='bbox 530 4207 632 4269; x_wconf 90' lang='lat' dir='ltr'><strong>venit.</strong></span> <span class='ocrx_word' id='word_1_425' title='bbox 661 4207 725 4268; x_wconf 87' lang='lat' dir='ltr'><strong>Sed</strong></span> <span class='ocrx_word' id='word_1_426' title='bbox 757 4208 913 4284; x_wconf 89' lang='lat' dir='ltr'><strong>quoniam</strong></span> <span class='ocrx_word' id='word_1_427' title='bbox 942 4209 1102 4284; x_wconf 91' lang='lat' dir='ltr'><strong>scriptum</strong></span> <span class='ocrx_word' id='word_1_428' title='bbox 1157 4205 1343 4283; x_wconf 89' lang='lat' dir='ltr'><strong>pulchrum,</strong></span> <span class='ocrx_word' id='word_1_429' title='bbox 1359 4204 1395 4264; x_wconf 90' lang='lat' dir='ltr'><strong>in</strong></span> <span class='ocrx_word' id='word_1_430' title='bbox 1410 4218 1474 4281; x_wconf 87' lang='lat' dir='ltr'><strong>quo</strong></span> <span class='ocrx_word' id='word_1_431' title='bbox 1489 4219 1609 4280; x_wconf 90' lang='lat' dir='ltr'><strong>corpus</strong></span> <span class='ocrx_word' id='word_1_432' title='bbox 1624 4200 1748 4264; x_wconf 86' lang='lat' dir='ltr'><strong>Christi</strong></span> <span class='ocrx_word' id='word_1_433' title='bbox 1763 4193 1943 4261; x_wconf 85' lang='lat' dir='ltr'><strong>collocatum</strong></span> 
     </span>
     <span class='ocr_line' id='line_1_41' title="bbox 302 4292 1941 4378; baseline -0.009 -16"><span class='ocrx_word' id='word_1_434' title='bbox 302 4300 371 4362; x_wconf 87' lang='lat' dir='ltr'><strong>est:</strong></span> <span class='ocrx_word' id='word_1_435' title='bbox 395 4306 702 4377; x_wconf 71' lang='lat' dir='ltr'><strong>properationem</strong></span> <span class='ocrx_word' id='word_1_436' title='bbox 732 4307 845 4367; x_wconf 85' lang='lat' dir='ltr'><strong>cordis</strong></span> <span class='ocrx_word' id='word_1_437' title='bbox 871 4309 946 4378; x_wconf 83' lang='lat' dir='ltr'><strong>ejus</strong></span> <span class='ocrx_word' id='word_1_438' title='bbox 969 4305 1102 4366; x_wconf 81' lang='lat' dir='ltr'><strong>audivit</strong></span> <span class='ocrx_word' id='word_1_439' title='bbox 1156 4301 1230 4372; x_wconf 85' lang='lat' dir='ltr'><strong>fuit,</strong></span> <span class='ocrx_word' id='word_1_440' title='bbox 1249 4302 1282 4364; x_wconf 94' lang='lat' dir='ltr'><strong>et</strong></span> <span class='ocrx_word' id='word_1_441' title='bbox 1303 4300 1359 4362; x_wconf 92' lang='lat' dir='ltr'><strong>ubi</strong></span> <span class='ocrx_word' id='word_1_442' title='bbox 1374 4299 1607 4362; x_wconf 89' lang='lat' dir='ltr'><strong>resuscitatum</strong></span> <span class='ocrx_word' id='word_1_443' title='bbox 1627 4299 1725 4361; x_wconf 89' lang='lat' dir='ltr'><strong>nobis</strong></span> <span class='ocrx_word' id='word_1_444' title='bbox 1745 4292 1941 4359; x_wconf 87' lang='lat' dir='ltr'><strong>domonstra-</strong></span> 
     </span>
     <span class='ocr_line' id='line_1_42' title="bbox 302 4398 1537 4481; baseline 0 -23"><span class='ocrx_word' id='word_1_445' title='bbox 302 4399 472 4462; x_wconf 80' lang='grc'><strong>33113133</strong></span> <span class='ocrx_word' id='word_1_446' title='bbox 487 4400 557 4481; x_wconf 89' lang='lat' dir='ltr'><strong>(Ps.</strong></span> <span class='ocrx_word' id='word_1_447' title='bbox 571 4402 619 4474; x_wconf 85' lang='lat' dir='ltr'><strong>lo,</strong></span> <span class='ocrx_word' id='word_1_448' title='bbox 638 4400 701 4481; x_wconf 84' lang='lat'><strong>17),</strong></span> <span class='ocrx_word' id='word_1_449' title='bbox 718 4401 832 4463; x_wconf 84' lang='lat' dir='ltr'><strong>vident</strong></span> <span class='ocrx_word' id='word_1_450' title='bbox 844 4402 988 4478; x_wconf 88' lang='lat' dir='ltr'><strong>lapidem</strong></span> <span class='ocrx_word' id='word_1_451' title='bbox 1003 4418 1104 4464; x_wconf 85' lang='lat' dir='ltr'><strong>revo-</strong></span> <span class='ocrx_word' id='word_1_452' title='bbox 1155 4400 1256 4472; x_wconf 90' lang='lat' dir='ltr'><strong>bitur,</strong></span> <span class='ocrx_word' id='word_1_453' title='bbox 1270 4401 1385 4462; x_wconf 86' lang='lat' dir='ltr'><strong>venire</strong></span> <span class='ocrx_word' id='word_1_454' title='bbox 1401 4398 1537 4461; x_wconf 89' lang='lat' dir='ltr'><strong>debetis.</strong></span> 
     </span>
     <span class='ocr_line' id='line_1_43' title="bbox 302 4488 1941 4588; baseline -0.006 -32"><span class='ocrx_word' id='word_1_455' title='bbox 302 4493 419 4564; x_wconf 92' lang='lat' dir='ltr'><strong>lutum,</strong></span> <span class='ocrx_word' id='word_1_456' title='bbox 444 4497 570 4560; x_wconf 90' lang='lat' dir='ltr'><strong>intrant</strong></span> <span class='ocrx_word' id='word_1_457' title='bbox 596 4499 632 4560; x_wconf 92' lang='grc'><strong>111</strong></span> <span class='ocrx_word' id='word_1_458' title='bbox 659 4499 918 4572; x_wconf 88' lang='lat' dir='ltr'><strong>monumentum,</strong></span> <span class='ocrx_word' id='word_1_459' title='bbox 947 4500 1102 4577; x_wconf 85' lang='lat' dir='ltr'><strong>atquem</strong></span> <span class='ocrx_word' id='word_1_460' title='bbox 1198 4498 1415 4575; x_wconf 86' lang='lat' dir='ltr'><strong>Sepulchrum</strong></span> <span class='ocrx_word' id='word_1_461' title='bbox 1440 4495 1563 4557; x_wconf 89' lang='lat' dir='ltr'><strong>Christi</strong></span> <span class='ocrx_word' id='word_1_462' title='bbox 1586 4495 1638 4558; x_wconf 89' lang='lat' dir='ltr'><strong>est</strong></span> <span class='ocrx_word' id='word_1_463' title='bbox 1661 4496 1742 4556; x_wconf 92' lang='lat' dir='ltr'><strong>ordo</strong></span> <span class='ocrx_word' id='word_1_464' title='bbox 1768 4488 1941 4588; x_wconf 70' lang='lat' dir='ltr'><strong>sanctorum</strong></span> 
     </span>
     <span class='ocr_line' id='line_1_44' title="bbox 304 4586 1941 4673; baseline -0.004 -20"><span class='ocrx_word' id='word_1_465' title='bbox 304 4609 428 4670; x_wconf 90' lang='lat' dir='ltr'><strong>ungere</strong></span> <span class='ocrx_word' id='word_1_466' title='bbox 452 4597 617 4658; x_wconf 87' lang='lat' dir='ltr'><strong>mortuum</strong></span> <span class='ocrx_word' id='word_1_467' title='bbox 641 4596 807 4669; x_wconf 85' lang='lat' dir='ltr'><strong>volebant,</strong></span> <span class='ocrx_word' id='word_1_468' title='bbox 833 4596 974 4657; x_wconf 91' lang='lat' dir='ltr'><strong>audiunt</strong></span> <span class='ocrx_word' id='word_1_469' title='bbox 995 4596 1104 4658; x_wconf 90' lang='lat' dir='ltr'><strong>susci·</strong></span> <span class='ocrx_word' id='word_1_470' title='bbox 1156 4595 1423 4673; x_wconf 85' lang='lat' dir='ltr'><strong>praedicatorum,</strong></span> <span class='ocrx_word' id='word_1_471' title='bbox 1448 4595 1489 4655; x_wconf 92' lang='grc'><strong>13</strong></span> <span class='ocrx_word' id='word_1_472' title='bbox 1515 4610 1578 4672; x_wconf 88' lang='lat' dir='ltr'><strong>quo</strong></span> <span class='ocrx_word' id='word_1_473' title='bbox 1602 4591 1784 4671; x_wconf 88' lang='lat' dir='ltr'><strong>procedens</strong></span> <span class='ocrx_word' id='word_1_474' title='bbox 1807 4586 1941 4660; x_wconf 69' lang='grc'><strong>31311331</strong></span> 
     </span>
     <span class='ocr_line' id='line_1_45' title="bbox 301 4678 1939 4772; baseline -0.007 -21"><span class='ocrx_word' id='word_1_475' title='bbox 301 4690 417 4752; x_wconf 91' lang='lat' dir='ltr'><strong>tatum.</strong></span> <span class='ocrx_word' id='word_1_476' title='bbox 444 4694 523 4765; x_wconf 90' lang='lat' dir='ltr'><strong>Quis</strong></span> <span class='ocrx_word' id='word_1_477' title='bbox 546 4693 610 4755; x_wconf 89' lang='lat' dir='ltr'><strong>hoc</strong></span> <span class='ocrx_word' id='word_1_478' title='bbox 636 4693 771 4761; x_wconf 90' lang='lat' dir='ltr'><strong>indicat,</strong></span> <span class='ocrx_word' id='word_1_479' title='bbox 795 4693 868 4772; x_wconf 87' lang='lat' dir='ltr'><strong>quis</strong></span> <span class='ocrx_word' id='word_1_480' title='bbox 895 4694 958 4755; x_wconf 90' lang='lat' dir='ltr'><strong>hoc</strong></span> <span class='ocrx_word' id='word_1_481' title='bbox 987 4694 1104 4771; x_wconf 88' lang='lat' dir='ltr'><strong>praedi·</strong></span> <span class='ocrx_word' id='word_1_482' title='bbox 1157 4694 1197 4754; x_wconf 91' lang='lat' dir='ltr'><strong>de</strong></span> <span class='ocrx_word' id='word_1_483' title='bbox 1218 4692 1396 4768; x_wconf 88' lang='lat' dir='ltr'><strong>sepulchro</strong></span> <span class='ocrx_word' id='word_1_484' title='bbox 1417 4707 1606 4767; x_wconf 83' lang='lat' dir='ltr'><strong>resurgens,</strong></span> <span class='ocrx_word' id='word_1_485' title='bbox 1628 4691 1663 4752; x_wconf 92' lang='lat' dir='ltr'><strong>in</strong></span> <span class='ocrx_word' id='word_1_486' title='bbox 1682 4687 1844 4752; x_wconf 91' lang='lat' dir='ltr'><strong>mentibus</strong></span> <span class='ocrx_word' id='word_1_487' title='bbox 1864 4678 1939 4740; x_wconf 90' lang='lat' dir='ltr'><strong>flde-</strong></span> 
     </span>
     <span class='ocr_line' id='line_1_46' title="bbox 303 4775 1941 4882; baseline -0.008 -34"><span class='ocrx_word' id='word_1_488' title='bbox 303 4789 378 4850; x_wconf 85' lang='lat' dir='ltr'><strong>catl</strong></span> <span class='ocrx_word' id='word_1_489' title='bbox 406 4791 551 4866; x_wconf 86' lang='lat' dir='ltr'><strong>Angelus</strong></span> <span class='ocrx_word' id='word_1_490' title='bbox 573 4791 686 4869; x_wconf 86' lang='lat' dir='ltr'><strong>utique</strong></span> <span class='ocrx_word' id='word_1_491' title='bbox 716 4793 810 4854; x_wconf 91' lang='lat' dir='ltr'><strong>testis</strong></span> <span class='ocrx_word' id='word_1_492' title='bbox 835 4791 1100 4853; x_wconf 89' lang='lat' dir='ltr'><strong>resurrectionis.</strong></span> <span class='ocrx_word' id='word_1_493' title='bbox 1157 4791 1238 4874; x_wconf 92' lang='lat' dir='ltr'><strong>lium</strong></span> <span class='ocrx_word' id='word_1_494' title='bbox 1254 4788 1400 4866; x_wconf 85' lang='lat' dir='ltr'><strong>quotidie</strong></span> <span class='ocrx_word' id='word_1_495' title='bbox 1419 4789 1608 4852; x_wconf 90' lang='lat' dir='ltr'><strong>innovatur.</strong></span> <span class='ocrx_word' id='word_1_496' title='bbox 1633 4791 1670 4851; x_wconf 93' lang='lat' dir='ltr'><strong>ln</strong></span> <span class='ocrx_word' id='word_1_497' title='bbox 1694 4788 1758 4850; x_wconf 88' lang='lat' dir='ltr'><strong>hoc</strong></span> <span class='ocrx_word' id='word_1_498' title='bbox 1779 4775 1941 4882; x_wconf 82' lang='lat' dir='ltr'><strong>sepulchro</strong></span> 
     </span>
     <span class='ocr_line' id='line_1_47' title="bbox 303 4883 1938 4979; baseline -0.006 -33"><span class='ocrx_word' id='word_1_499' title='bbox 303 4884 441 4947; x_wconf 91' lang='lat' dir='ltr'><strong>Videtur</strong></span> <span class='ocrx_word' id='word_1_500' title='bbox 470 4889 558 4949; x_wconf 89' lang='lat' dir='ltr'><strong>enim</strong></span> <span class='ocrx_word' id='word_1_501' title='bbox 586 4889 778 4966; x_wconf 89' lang='lat' dir='ltr'><strong>hujusmodi</strong></span> <span class='ocrx_word' id='word_1_502' title='bbox 804 4890 839 4949; x_wconf 88' lang='lat' dir='ltr'><strong>in</strong></span> <span class='ocrx_word' id='word_1_503' title='bbox 867 4903 930 4966; x_wconf 84' lang='lat' dir='ltr'><strong>quo</strong></span> <span class='ocrx_word' id='word_1_504' title='bbox 952 4890 1102 4950; x_wconf 90' lang='lat' dir='ltr'><strong>Christus</strong></span> <span class='ocrx_word' id='word_1_505' title='bbox 1157 4887 1334 4950; x_wconf 85' lang='lat' dir='ltr'><strong>invenietis</strong></span> <span class='ocrx_word' id='word_1_506' title='bbox 1355 4887 1512 4964; x_wconf 88' lang='lat' dir='ltr'><strong>angelum</strong></span> <span class='ocrx_word' id='word_1_507' title='bbox 1531 4887 1674 4958; x_wconf 88' lang='lat' dir='ltr'><strong>Domini,</strong></span> <span class='ocrx_word' id='word_1_508' title='bbox 1697 4883 1873 4946; x_wconf 88' lang='lat' dir='ltr'><strong>doctrinam</strong></span> <span class='ocrx_word' id='word_1_509' title='bbox 1891 4885 1938 4979; x_wconf 68' lang='lat' dir='ltr'><strong>vl-</strong></span> 
     </span>
     <span class='ocr_line' id='line_1_48' title="bbox 303 4964 1940 5076; baseline -0.007 -34"><span class='ocrx_word' id='word_1_510' title='bbox 303 4985 499 5053; x_wconf 84' lang='lat' dir='ltr'><strong>resurrexit,</strong></span> <span class='ocrx_word' id='word_1_511' title='bbox 519 4986 630 5048; x_wconf 88' lang='lat' dir='ltr'><strong>vultus</strong></span> <span class='ocrx_word' id='word_1_512' title='bbox 643 4987 751 5048; x_wconf 89' lang='lat' dir='ltr'><strong>laetior</strong></span> <span class='ocrx_word' id='word_1_513' title='bbox 768 4987 801 5048; x_wconf 90' lang='lat' dir='ltr'><strong>et</strong></span> <span class='ocrx_word' id='word_1_514' title='bbox 815 4988 968 5064; x_wconf 89' lang='lat' dir='ltr'><strong>aspectus</strong></span> <span class='ocrx_word' id='word_1_515' title='bbox 980 5003 1104 5048; x_wconf 83' lang='lat' dir='ltr'><strong>renus-</strong></span> <span class='ocrx_word' id='word_1_516' title='bbox 1157 4985 1278 5047; x_wconf 87' lang='lat' dir='ltr'><strong>delicet</strong></span> <span class='ocrx_word' id='word_1_517' title='bbox 1306 4985 1395 5046; x_wconf 89' lang='lat' dir='ltr'><strong>sacri</strong></span> <span class='ocrx_word' id='word_1_518' title='bbox 1422 4985 1562 5063; x_wconf 89' lang='lat' dir='ltr'><strong>eloquii,</strong></span> <span class='ocrx_word' id='word_1_519' title='bbox 1597 5000 1669 5062; x_wconf 86' lang='lat' dir='ltr'><strong>quae</strong></span> <span class='ocrx_word' id='word_1_520' title='bbox 1701 4981 1795 5045; x_wconf 83' lang='lat' dir='ltr'><strong>uobis</strong></span> <span class='ocrx_word' id='word_1_521' title='bbox 1826 4964 1940 5076; x_wconf 81' lang='lat' dir='ltr'><strong>nunhat</strong></span> 
     </span>
     <span class='ocr_line' id='line_1_49' title="bbox 302 5066 1938 5160; baseline -0.01 -19"><span class='ocrx_word' id='word_1_522' title='bbox 302 5079 379 5152; x_wconf 89' lang='lat' dir='ltr'><strong>tior,</strong></span> <span class='ocrx_word' id='word_1_523' title='bbox 405 5096 513 5144; x_wconf 88' lang='lat' dir='ltr'><strong>sermo</strong></span> <span class='ocrx_word' id='word_1_524' title='bbox 534 5083 659 5160; x_wconf 89' lang='lat' dir='ltr'><strong>purior,</strong></span> <span class='ocrx_word' id='word_1_525' title='bbox 686 5084 834 5144; x_wconf 88' lang='lat' dir='ltr'><strong>incessus</strong></span> <span class='ocrx_word' id='word_1_526' title='bbox 855 5084 1044 5158; x_wconf 90' lang='lat' dir='ltr'><strong>modestior,</strong></span> <span class='ocrx_word' id='word_1_527' title='bbox 1071 5084 1104 5146; x_wconf 92' lang='lat' dir='ltr'><strong>et</strong></span> <span class='ocrx_word' id='word_1_528' title='bbox 1158 5066 1938 5152; x_wconf 78' lang='grc'><strong>011113131113133113113311113111333,3111111311-</strong></span> 
     </span>
     <span class='ocr_line' id='line_1_50' title="bbox 303 5158 1939 5258; baseline -0.004 -20"><span class='ocrx_word' id='word_1_529' title='bbox 303 5177 345 5238; x_wconf 90' lang='lat' dir='ltr'><strong>ad</strong></span> <span class='ocrx_word' id='word_1_530' title='bbox 374 5195 470 5240; x_wconf 90' lang='lat' dir='ltr'><strong>omno</strong></span> <span class='ocrx_word' id='word_1_531' title='bbox 494 5197 576 5257; x_wconf 93' lang='lat' dir='ltr'><strong>opus</strong></span> <span class='ocrx_word' id='word_1_532' title='bbox 595 5180 717 5242; x_wconf 91' lang='lat' dir='ltr'><strong>bonum</strong></span> <span class='ocrx_word' id='word_1_533' title='bbox 749 5179 885 5258; x_wconf 91' lang='lat' dir='ltr'><strong>spiritus</strong></span> <span class='ocrx_word' id='word_1_534' title='bbox 908 5181 1101 5258; x_wconf 90' lang='lat' dir='ltr'><strong>promptior.</strong></span> <span class='ocrx_word' id='word_1_535' title='bbox 1157 5183 1265 5253; x_wconf 86' lang='lat' dir='ltr'><strong>laeam,</strong></span> <span class='ocrx_word' id='word_1_536' title='bbox 1288 5180 1385 5251; x_wconf 89' lang='lat' dir='ltr'><strong>idest,</strong></span> <span class='ocrx_word' id='word_1_537' title='bbox 1410 5180 1445 5240; x_wconf 91' lang='lat' dir='ltr'><strong>in</strong></span> <span class='ocrx_word' id='word_1_538' title='bbox 1471 5179 1800 5256; x_wconf 89' lang='lat' dir='ltr'><strong>transmigrationem</strong></span> <span class='ocrx_word' id='word_1_539' title='bbox 1813 5183 1892 5235; x_wconf 81' lang='lat' dir='ltr'><strong>verae</strong></span> <span class='ocrx_word' id='word_1_540' title='bbox 1912 5158 1939 5222; x_wconf 72' lang='lat' dir='ltr'><strong>ei</strong></span> 
     </span>
     <span class='ocr_line' id='line_1_51' title="bbox 305 5266 2016 5369; baseline -0.004 -34"><span class='ocrx_word' id='word_1_541' title='bbox 305 5278 383 5348; x_wconf 88' lang='lat' dir='ltr'><strong>Quae</strong></span> <span class='ocrx_word' id='word_1_542' title='bbox 399 5277 510 5337; x_wconf 90' lang='lat' dir='ltr'><strong>omnia</strong></span> <span class='ocrx_word' id='word_1_543' title='bbox 534 5279 611 5354; x_wconf 90' lang='lat' dir='ltr'><strong>quid</strong></span> <span class='ocrx_word' id='word_1_544' title='bbox 635 5278 726 5339; x_wconf 87' lang='lat' dir='ltr'><strong>aliud</strong></span> <span class='ocrx_word' id='word_1_545' title='bbox 741 5279 818 5340; x_wconf 89' lang='lat' dir='ltr'><strong>sunt</strong></span> <span class='ocrx_word' id='word_1_546' title='bbox 835 5294 935 5355; x_wconf 87' lang='lat' dir='ltr'><strong>quam</strong></span> <span class='ocrx_word' id='word_1_547' title='bbox 955 5278 991 5338; x_wconf 92' lang='lat' dir='ltr'><strong>in</strong></span> <span class='ocrx_word' id='word_1_548' title='bbox 1012 5278 1103 5340; x_wconf 89' lang='lat' dir='ltr'><strong>terra</strong></span> <span class='ocrx_word' id='word_1_549' title='bbox 1157 5266 1935 5369; x_wconf 70' lang='lat' dir='ltr'><strong>incommutabilisbeatitudinisvospraecessisse,</strong></span> <span class='ocrx_word' id='word_1_550' title='bbox 2015 5293 2016 5298; x_wconf 42' lang='lat'>¹</span> 
     </span>
     <span class='ocr_line' id='line_1_52' title="bbox 303 5363 1935 5466; baseline -0.008 -32"><span class='ocrx_word' id='word_1_551' title='bbox 303 5374 558 5436; x_wconf 88' lang='lat' dir='ltr'><strong>resurrectionis</strong></span> <span class='ocrx_word' id='word_1_552' title='bbox 574 5375 691 5437; x_wconf 91' lang='lat' dir='ltr'><strong>hilaris</strong></span> <span class='ocrx_word' id='word_1_553' title='bbox 703 5376 861 5438; x_wconf 85' lang='lat' dir='ltr'><strong>nuntiusl</strong></span> <span class='ocrx_word' id='word_1_554' title='bbox 1158 5377 1214 5438; x_wconf 94' lang='lat' dir='ltr'><strong>ubi</strong></span> <span class='ocrx_word' id='word_1_555' title='bbox 1232 5376 1273 5438; x_wconf 89' lang='lat' dir='ltr'><strong>ad</strong></span> <span class='ocrx_word' id='word_1_556' title='bbox 1289 5375 1458 5437; x_wconf 79' lang='lat' dir='ltr'><strong>dexteram</strong></span> <span class='ocrx_word' id='word_1_557' title='bbox 1474 5375 1532 5436; x_wconf 89' lang='lat' dir='ltr'><strong>Dei</strong></span> <span class='ocrx_word' id='word_1_558' title='bbox 1548 5376 1641 5436; x_wconf 89' lang='lat' dir='ltr'><strong>sodet</strong></span> <span class='ocrx_word' id='word_1_559' title='bbox 1662 5375 1697 5435; x_wconf 91' lang='lat' dir='ltr'><strong>in</strong></span> <span class='ocrx_word' id='word_1_560' title='bbox 1715 5371 1820 5451; x_wconf 88' lang='lat' dir='ltr'><strong>gloria</strong></span> <span class='ocrx_word' id='word_1_561' title='bbox 1832 5363 1935 5466; x_wconf 74' lang='lat' dir='ltr'><strong>Petus-</strong></span> 
     </span>
     <span class='ocr_line' id='line_1_53' title="bbox 341 5461 1935 5552; baseline -0.004 -16"><span class='ocrx_word' id='word_1_562' title='bbox 341 5474 470 5536; x_wconf 85' lang='lat' dir='ltr'><strong>Aliter:</strong></span> <span class='ocrx_word' id='word_1_563' title='bbox 488 5473 564 5534; x_wconf 81' lang='lat' dir='ltr'><strong>lstae</strong></span> <span class='ocrx_word' id='word_1_564' title='bbox 577 5477 700 5535; x_wconf 84' lang='lat' dir='ltr'><strong>sanctae</strong></span> <span class='ocrx_word' id='word_1_565' title='bbox 715 5475 872 5536; x_wconf 87' lang='lat' dir='ltr'><strong>mulieres</strong></span> <span class='ocrx_word' id='word_1_566' title='bbox 887 5475 1104 5552; x_wconf 87' lang='lat' dir='ltr'><strong>portaverunt</strong></span> <span class='ocrx_word' id='word_1_567' title='bbox 1158 5479 1195 5536; x_wconf 90' lang='lat' dir='ltr'><strong>ln</strong></span> <span class='ocrx_word' id='word_1_568' title='bbox 1221 5473 1349 5536; x_wconf 85' lang='lat' dir='ltr'><strong>Calilea</strong></span> <span class='ocrx_word' id='word_1_569' title='bbox 1363 5490 1441 5550; x_wconf 88' lang='lat' dir='ltr'><strong>ergo</strong></span> <span class='ocrx_word' id='word_1_570' title='bbox 1457 5473 1588 5534; x_wconf 89' lang='lat' dir='ltr'><strong>Christo</strong></span> <span class='ocrx_word' id='word_1_571' title='bbox 1612 5473 1785 5542; x_wconf 88' lang='lat' dir='ltr'><strong>occurrite,</strong></span> <span class='ocrx_word' id='word_1_572' title='bbox 1806 5461 1891 5530; x_wconf 78' lang='lat' dir='ltr'><strong>inest,</strong></span> <span class='ocrx_word' id='word_1_573' title='bbox 1907 5467 1935 5514; x_wconf 78' lang='lat'><strong>¹¹¹</strong></span> 
     </span>
     <span class='ocr_line' id='line_1_54' title="bbox 303 5563 1935 5650; baseline -0.01 -18"><span class='ocrx_word' id='word_1_574' title='bbox 303 5575 489 5648; x_wconf 86' lang='lat' dir='ltr'><strong>unguenta,</strong></span> <span class='ocrx_word' id='word_1_575' title='bbox 519 5572 556 5634; x_wconf 91' lang='lat' dir='ltr'><strong>ut</strong></span> <span class='ocrx_word' id='word_1_576' title='bbox 582 5573 747 5648; x_wconf 90' lang='lat' dir='ltr'><strong>ungerent</strong></span> <span class='ocrx_word' id='word_1_577' title='bbox 773 5575 898 5636; x_wconf 78' lang='lat' dir='ltr'><strong>lesum.</strong></span> <span class='ocrx_word' id='word_1_578' title='bbox 929 5574 1103 5650; x_wconf 88' lang='lat' dir='ltr'><strong>Unguenta</strong></span> <span class='ocrx_word' id='word_1_579' title='bbox 1158 5571 1461 5648; x_wconf 85' lang='lat' dir='ltr'><strong>transmigratione,</strong></span> <span class='ocrx_word' id='word_1_580' title='bbox 1479 5571 1521 5632; x_wconf 90' lang='lat' dir='ltr'><strong>ad</strong></span> <span class='ocrx_word' id='word_1_581' title='bbox 1535 5570 1658 5632; x_wconf 90' lang='lat' dir='ltr'><strong>bonum</strong></span> <span class='ocrx_word' id='word_1_582' title='bbox 1681 5571 1721 5632; x_wconf 92' lang='lat' dir='ltr'><strong>de</strong></span> <span class='ocrx_word' id='word_1_583' title='bbox 1741 5567 1825 5630; x_wconf 88' lang='lat' dir='ltr'><strong>malo</strong></span> <span class='ocrx_word' id='word_1_584' title='bbox 1839 5563 1935 5624; x_wconf 88' lang='lat' dir='ltr'><strong>trans-</strong></span> 
     </span>
     <span class='ocr_line' id='line_1_55' title="bbox 303 5653 1935 5750; baseline -0.014 -14"><span class='ocrx_word' id='word_1_585' title='bbox 303 5686 383 5747; x_wconf 82' lang='lat' dir='ltr'><strong>ergo</strong></span> <span class='ocrx_word' id='word_1_586' title='bbox 399 5671 517 5749; x_wconf 86' lang='lat' dir='ltr'><strong>quibus</strong></span> <span class='ocrx_word' id='word_1_587' title='bbox 530 5686 655 5749; x_wconf 83' lang='lat' dir='ltr'><strong>ungere</strong></span> <span class='ocrx_word' id='word_1_588' title='bbox 665 5669 831 5733; x_wconf 87' lang='lat' dir='ltr'><strong>Christum</strong></span> <span class='ocrx_word' id='word_1_589' title='bbox 848 5671 1016 5744; x_wconf 90' lang='lat' dir='ltr'><strong>debemus,</strong></span> <span class='ocrx_word' id='word_1_590' title='bbox 1028 5670 1103 5732; x_wconf 89' lang='grc'><strong>311111</strong></span> <span class='ocrx_word' id='word_1_591' title='bbox 1159 5671 1350 5750; x_wconf 87' lang='lat' dir='ltr'><strong>migrantes,</strong></span> <span class='ocrx_word' id='word_1_592' title='bbox 1366 5669 1450 5731; x_wconf 90' lang='lat' dir='ltr'><strong>etde</strong></span> <span class='ocrx_word' id='word_1_593' title='bbox 1465 5667 1556 5732; x_wconf 87' lang='lat' dir='ltr'><strong>vitiis</strong></span> <span class='ocrx_word' id='word_1_594' title='bbox 1571 5668 1612 5730; x_wconf 89' lang='grc'><strong>31</strong></span> <span class='ocrx_word' id='word_1_595' title='bbox 1631 5668 1782 5740; x_wconf 86' lang='lat' dir='ltr'><strong>virtutes,</strong></span> <span class='ocrx_word' id='word_1_596' title='bbox 1795 5661 1825 5726; x_wconf 89' lang='lat' dir='ltr'><strong>et</strong></span> <span class='ocrx_word' id='word_1_597' title='bbox 1838 5658 1873 5718; x_wconf 90' lang='lat' dir='ltr'><strong>de</strong></span> <span class='ocrx_word' id='word_1_598' title='bbox 1885 5653 1935 5712; x_wconf 81' lang='lat' dir='ltr'><strong>hoc</strong></span> 
     </span>
    </p>
   </div>
   <div class='ocr_carea' id='block_1_3' title="bbox 0 0 2066 6308">
    <p class='ocr_par' dir='ltr' id='par_1_3' title="bbox 0 0 2066 6308">
     <span class='ocr_line' id='line_1_56' title="bbox 0 0 2066 6308; baseline 0 0"><span class='ocrx_word' id='word_1_599' title='bbox 0 0 2066 6308; x_wconf 95' lang='lat' dir='ltr'><strong> </strong></span> 
     </span>
    </p>
   </div>
  </div>
 </body>
</html>
