3954 6358
68 271 139 335 653
737 263 790 324 DE
811 265 1006 326 nnvnNTU
1031 265 1069 325 V.
1660 263 1722 326 654

116 431 250 492 Dicitur
273 429 383 490 autem
412 441 490 488 caro
516 423 638 486 Christi
662 421 767 484 nubes
795 440 876 486 can·
930 423 1049 486 culata.
1066 427 1245 494 Possumus
1265 423 1376 496 etiam,
1399 424 1530 497 iratres,
1554 425 1652 488 aliter
1669 425 1722 487 in-

73 529 171 590 dida.
203 527 349 588 Candida
375 524 528 604 designat
558 522 773 595 munditiam,
801 538 874 600 quae
928 522 1079 598 telligere
1093 523 1240 584 sanctam
1255 522 1448 596 Ecclesiam,
1462 524 1721 593 immaculatam,

74 643 214 704 semper
237 626 308 686 sine
333 623 429 685 sorde
450 621 628 683 candescit.
655 622 738 681 Caro
753 620 875 681 Christi
929 635 995 680 non
1010 618 1184 681 habentem
1201 621 1366 681 maculam
1385 637 1491 698 neque
1506 637 1633 696 rugam,
1649 637 1722 698 quae

74 725 143 786 fuit
165 722 316 794 candida,
345 721 423 798 quia
447 719 509 780 tuit
529 733 614 796 pura
635 717 668 780 θῖ
684 717 809 790 sancta,
836 733 874 778 θο
930 715 1069 793 pulchra
1081 719 1132 778 est
1153 718 1185 777 et
1206 717 1336 779 decora.
1354 722 1505 780 Putcltrd
1527 720 1723 792 potueruut

74 822 168 900 quod
194 837 262 883 non
288 819 404 882 habuit
431 817 595 880 maculam
623 815 768 893 pcccati3
797 815 875 891 quia
929 819 1020 886 tutto,
1036 816 1225 876 decoraret
1239 816 1343 878 ctecta
1357 817 1394 876 ut
1413 821 1473 878 sot.
1487 817 1548 876 llic
1559 815 1610 878 est
1623 831 1724 892 para-

75 936 178 982 nemo
208 919 280 980 sine
301 918 436 995 peccato
457 914 523 977 nisi
545 915 635 976 solus
659 916 766 988 Deus3
790 912 876 974 sicut
929 910 1021 972 disus
1045 911 1235 988 voluptatis.
1262 913 1417 989 Legimus
1443 913 1528 992 qu'od
1551 915 1618 974 tres
1645 915 1724 975 sunt

75 1018 162 1079 dicit
173 1017 289 1078 beatus
302 1015 437 1078 Petrus:
453 1016 516 1082 tht
524 1012 704 1087 peccatum
715 1025 784 1072 non
795 1010 876 1085 fecit
930 1007 1087 1086 paradisi.
1107 1010 1199 1070 Unus
1222 1008 1399 1082 terrestris,
1419 1013 1513 1088 cujus
1531 1010 1641 1072 incola
1661 1009 1725 1071 luit

76 1130 143 1176 ricc
155 1118 252 1176 dotus
268 1112 431 1174 inuentus
445 1113 497 1174 est
512 1115 550 1172 tn
564 1124 625 1171 ore
643 1111 718 1182 ejtts
735 1105 764 1186 (Ι
785 1107 873 1170 Patr.
929 1106 1033 1167 Adam
1056 1107 1227 1182 terrenus3
1254 1107 1418 1168 secundus
1444 1107 1637 1184 spiritualis,
1667 1108 1724 1184 qui

77 1227 115 1284 ιι,
133 1213 207 1290 22);
225 1211 302 1288 quia
318 1210 395 1272 licet
409 1208 665 1271 tuerithumana
680 1221 780 1268 carne
794 1220 874 1266 res·
930 1205 980 1266 θεῖ
1007 1204 1155 1266 Ecclesia
1181 1205 1370 1266 sanctorum
1391 1221 1490 1282 quam
1511 1205 1662 1267 fundavit
1691 1207 1725 1268 et

75 1310 181 1382 titus,
209 1323 276 1370 non
301 1307 365 1369 luit
388 1308 500 1369 tamen
525 1307 671 1366 humana
697 1302 876 1380 fragilitate
930 1301 1095 1364 inhabitat
1123 1302 1228 1364 Adam
1255 1302 1411 1375 coelestis,
1432 1301 1528 1374 idest,
1552 1302 1721 1378 Claristus3

77 1407 244 1484 pollutus.
263 1405 412 1466 Christus
422 1405 600 1480 igiturnon
611 1401 727 1463 habuit
741 1415 875 1462 carnem
935 1400 1052 1462 tertius
1083 1400 1245 1470 eoelestis,
1273 1400 1329 1479 qui
1362 1402 1413 1462 est
1438 1416 1577 1476 regnum
1605 1401 1665 1462 Dei
1692 1401 1725 1462 et

77 1505 221 1582 peccati,
230 1506 308 1582 quia
318 1500 599 1580 conceptusestde
609 1498 734 1577 Spiritu
743 1497 873 1571 Sancto,
931 1496 999 1558 vita
1020 1498 1167 1569 aeterna,
1196 1498 1229 1559 et
1246 1498 1335 1559 terra
1366 1498 1568 1568 viventium,
1600 1497 1723 1573 inquo

77 1604 170 1664 sicut
202 1603 249 1665 ait
280 1601 425 1679 Angelus
460 1599 502 1660 ad
533 1598 694 1660 Mariam:
724 1597 877 1671 Spiritus
930 1593 1059 1656 habitat
1081 1597 1179 1656 Deus.
1205 1597 1241 1656 In
1267 1595 1372 1672 primo
1402 1594 1557 1672 paradiso
1585 1594 1636 1656 est
1659 1593 1725 1670 lig-

80 1697 503 1776 Sanctussuperoentettn
514 1697 557 1758 te.
572 1699 694 1774 (Luni,
704 1691 770 1771 35).
784 1692 876 1756 Unde
931 1707 1010 1752 num
1037 1693 1125 1766 vitae,
1154 1693 1254 1754 arbor
1283 1692 1479 1754 materialis.
1512 1694 1549 1753 ln
1581 1692 1724 1753 secundo

79 1792 878 1874 ApostolussFttttcmsdumDeusnatstttnstmt·
931 1791 1057 1866 lignum
1076 1791 1155 1853 vitae
1172 1791 1222 1852 θεῖ
1247 1786 1438 1852 humanitas
1467 1789 1660 1850 saltatoris.
1686 1791 1724 1850 ln

76 1885 885 1970 titudtnemccrntspeccottfflom.v111,2),idest,
930 1889 1027 1952 tertio
1047 1888 1175 1965 lignum
1195 1888 1273 1952 vitae
1288 1889 1338 1950 θεῖ
1359 1887 1524 1965 sapientia
1546 1887 1723 1959 1)θὶ,ΙΙθι-

80 1991 289 2070 peccatricis,
308 1991 341 2053 et
362 1990 402 2052 de
416 1987 550 2067 peccato
567 1987 737 2050 damnavit
758 2001 877 2062 pecca-

79 2092 152 2152 tum
186 2090 220 2151 in
246 2103 356 2151 carne.
383 2086 532 2148 Christus
557 2085 678 2147 dicitur
705 2084 877 2161 peccatum

79 2187 180 2260 idest,
196 2186 305 2248 hostia
317 2201 377 2263 pro
389 2183 535 2262 peccato,
550 2183 628 2260 quia
641 2183 712 2259 ipse
727 2180 877 2242 Christus

82 2282 448 2346 damnavitcarnaliter
471 2281 652 2358 peccatum,
678 2279 765 2340 idest
779 2276 876 2340 dam-

80 2398 162 2442 num
177 2380 315 2458 peccati.
338 2379 430 2442 Unde
445 2378 566 2440 dicitur
588 2378 624 2439 in
644 2378 728 2438 Osee
749 2389 809 2453 per
830 2375 879 2436 si-

82 2478 320 2540 militudinem:
332 2479 356 2540 O
368 2490 475 2548 mors,
487 2489 649 2538 eremors
662 2475 878 2542 tondeamus

84 2578 167 2639 tatus
176 2591 247 2649 ero,
256 2578 394 2650 inferne
409 2573 515 2646 (Oseae
527 2569 676 2649 x111,14).
692 2570 785 2632 Sicut
799 2568 879 2632 dicit

82 2673 261 2750 Apostolus
276 2672 317 2733 ad
332 2669 540 2733 Corinthios:
557 2672 649 2731 Eum
660 2671 719 2743 cut
733 2683 802 2730 tzod
815 2681 878 2729 no-

80 2772 185 2833 occat
190 2770 370 2846 peccatum
379 2772 472 2830 Deus
481 2768 548 2842 pttt
558 2766 749 2841 peccatum,
763 2766 803 2828 ut
815 2779 878 2828 nos

931 1984 1008 2048 bum
1024 1987 1145 2058 Patris,
1166 1984 1240 2048 sons
1259 1985 1347 2059 vitae,
1371 1985 1465 2062 origo
1477 1984 1566 2047 boni.
1591 1985 1631 2045 Et
1652 1982 1725 2044 llaec

931 2084 981 2147 θεῖ
994 2084 1063 2146 vita
1077 2086 1213 2146 aeterna.

971 2183 1068 2243 Nunc
1083 2181 1256 2244 veniamus
1270 2180 1311 2242 ad
1324 2180 1616 2258 comparationem.
1631 2180 1725 2242 Certe

932 2279 1057 2356 lignum
1070 2280 1147 2342 uitae
1160 2280 1246 2356 quod
1257 2279 1330 2340 erat
1341 2279 1377 2341 in
1392 2277 1552 2340 Paradiso
1562 2276 1725 2349 terrestri,

932 2377 1138 2455 corporalem
1148 2377 1374 2439 tantummodo
1388 2377 1491 2438 vitam
1511 2376 1583 2437 sine
1598 2373 1727 2442 defectu

933 2475 1039 2552 potuit
1057 2473 1219 2536 conferre.
1245 2474 1388 2550 Lignum
1411 2489 1490 2535 vero
1517 2473 1594 2535 vitae
1619 2471 1723 2548 spiri·

932 2573 1033 2636 tualis
1052 2571 1211 2649 paradisi,
1227 2571 1321 2644 idest,
1336 2570 1495 2632 Dominus
1513 2572 1611 2632 lesus
1632 2585 1728 2630 man-

933 2669 1130 2732 ducantibus
1164 2685 1298 2731 carnem
1333 2683 1438 2739 suam,
1473 2668 1506 2731 et
1539 2665 1728 2728 bibentibus

934 2766 1129 2845 sanguinem
1153 2782 1265 2839 suum,
1292 2759 1394 2828 vitam
1422 2765 1581 2827 aeternam
1607 2779 1727 2840 repro-

80 2867 271 2930 redimeret
298 2882 320 2928 a
336 2867 477 2941 peccato
496 2861 541 2944 (ΙΙ
562 2865 636 2926 Cor.
660 2880 696 2935 v,
722 2861 786 2936 24).
814 2862 878 2924 Sed
932 2865 1043 2927 mittit.
1059 2864 1207 2926 Tertium
1221 2878 1300 2926 vero
1315 2864 1441 2939 lignum
1456 2879 1523 2925 non
1543 2861 1651 2924 solum
1667 2877 1727 2924 re-

81 2982 145 3028 cur
159 2966 195 3026 in
209 2963 460 3026 similitudinem
475 2961 586 3023 carnis
603 2959 730 3038 peccati
745 2959 786 3021 de
805 2975 880 3020 mu·
933 2962 1053 3025 format
1076 2961 1252 3024 sanitatem
1276 2961 1461 3039 pristinam,
1486 2961 1543 3024 sed
1567 2964 1727 3038 majorem

81 3063 166 3124 liere
195 3055 314 3140 cerpus
342 3059 521 3136 assumpsit
548 3058 581 3121 et
605 3073 672 3120 non
699 3057 808 3136 potius
837 3073 880 3118 ex
933 3059 1025 3122 addit
1037 3059 1274 3133 tortitudinem,
1290 3060 1357 3138 [neo
1372 3060 1479 3121 solum
1496 3061 1631 3136 reparat
1642 3061 1729 3138 quod

79 3160 152 3222 alia
171 3158 236 3220 sibi
257 3157 397 3220 materia
418 3173 540 3219 novum
565 3170 684 3233 corpus
707 3153 877 3227 formarit,
933 3156 1043 3234 periit,
1061 3156 1118 3218 sed
1140 3157 1173 3218 et
1192 3156 1384 3234 superaddit
1399 3156 1484 3234 quod
1509 3156 1625 3220 deluit.
1646 3158 1729 3220 Item

81 3259 119 3320 ut
144 3257 231 3320 sicut
256 3255 363 3319 tactus
389 3253 499 3316 luerat
524 3254 651 3330 primus
680 3251 803 3324 Adam,
832 3251 880 3313 ita
933 3255 1075 3331 legimus
1090 3253 1176 3332 qnod
1189 3254 1253 3316 tria
1272 3256 1350 3316 sunt
1364 3255 1455 3330 ligna
1469 3253 1559 3316 vitae.
1580 3255 1729 3338 Primum

81 3354 180 3416 lieret
199 3353 233 3416 et
254 3351 486 3416 secundule
509 3351 652 3414 uttttudo
677 3350 881 3412 divitiorum
934 3353 985 3414 est
1018 3352 1118 3413 arbor
1144 3352 1204 3413 illa
1232 3352 1415 3414 materialis
1444 3367 1541 3430 quam
1574 3352 1731 3428 produxit

78 3451 265 3528 sapentia
289 3451 323 3513 et
348 3449 503 3512 scientior
532 3450 596 3510 Det
621 3461 726 3522 quam
749 3448 882 3508 tncom-
933 3449 1094 3511 Dominus
1109 3448 1149 3511 de
1164 3449 1264 3510 humo
1285 3449 1321 3510 in
1342 3449 1517 3526 principio,
1535 3464 1610 3509 cum
1633 3449 1731 3526 plan·

77 3550 325 3626 pretienstbtttc
341 3547 423 3610 sunt
434 3547 569 3619 judicto
586 3547 662 3618 ejus
680 3543 714 3606 et
737 3543 882 3605 investi·
934 3546 1021 3609 taret
1039 3547 1134 3609 illam
1154 3547 1191 3608 in
1214 3546 1322 3608 medio
1343 3547 1507 3623 paradisi,
1525 3550 1620 3624 cujus
1634 3546 1729 3609 irno-

79 3648 211 3724 pabttes
231 3647 299 3708 cicc
314 3647 400 3718 ejus
418 3645 499 3712 outa
517 3643 611 3705 cutm
626 3641 783 3718 cocnovd
800 3653 882 3702 sert-
934 3645 1004 3708 tum
1017 3659 1059 3708 ne
1073 3645 1147 3722 post
1162 3646 1333 3723 peccatum
1348 3645 1501 3721 tangeret
1514 3645 1624 3718 homo,
1641 3647 1733 3722 ejec-

79 3757 164 3805 ΝΜ
190 3745 344 3814 Domini,
371 3741 433 3802 aut
458 3743 534 3814 duit
560 3741 779 3802 comitiam
806 3739 882 3810 ejus
934 3743 988 3806 tus
1007 3744 1057 3805 est
1070 3742 1111 3804 de
1123 3741 1289 3820 paradiso.
1303 3742 1489 3805 Secundum
1511 3743 1562 3804 est
1571 3742 1729 3804 Dominus

80 3840 193 3915 suem
207 3841 315 3918 (Rom.
338 3852 389 3910 11,
415 3839 465 3909 33,
489 3838 560 3913 34ῖῗ
579 3835 747 3913 Disposuit
769 3835 881 3896 tamen
934 3844 1032 3904 lesus
1056 3841 1218 3912 Christus,
1240 3840 1297 3917 qui
1317 3840 1497 3902 secundum
1516 3839 1656 3902 sormam
1675 3855 1732 3902 as-

81 3936 231 3998 coelestis
257 3934 395 3998 altitudo
414 3933 565 4005 consilii,
588 3933 625 3994 ut
646 3932 732 3994 siout
751 3947 810 4008 per
828 3930 882 3992 le·

81 4035 211 4095 minam
225 4046 315 4094 mors
330 4031 468 4094 intrarit
481 4030 517 4092 in
532 4028 656 4101 orbem,
673 4028 719 4090 ita
734 4043 794 4104 per
807 4043 883 4088 mu-

81 4131 203 4194 lierem
216 4129 286 4194 vita
299 4129 423 4192 rediret
437 4127 472 4190 in
489 4125 612 4199 orbem,
629 4127 669 4188 dt
680 4128 770 4187 unde
786 4139 882 4187 mors

80 4229 263 4290 oriebatur
280 4229 359 4289 tnde
377 4226 450 4288 otta
474 4224 677 4300 resumeret
701 4220 773 4301 (1).
804 4225 882 4284 Noti

82 4326 196 4388 attam
208 4338 343 4399 sapere,
360 4325 421 4385 sed
442 4323 524 4384 ttnze
537 4319 646 4400 (Rom.
669 4335 730 4393 ιιιι,
750 4317 825 4398 20),
847 4319 884 4380 ut

81 4422 135 4484 ait
148 4420 412 4484 Ecclesiasticus.

126 4519 313 4593 Apparebit
321 4519 489 4580 Dominus
500 4530 606 4589 super
618 4517 743 4577 nudem
759 4517 882 4576 candi-

83 4621 179 4680 dam.
187 4615 315 4677 Dicitur
325 4629 487 4691 apparere
494 4613 643 4674 Christus
654 4627 755 4689 super
763 4611 883 4694 nubem

85 4713 274 4784 candidam,
283 4713 379 4783 idest,
393 4726 494 4787 super
506 4709 699 4781 Ecclesiam,
715 4723 788 4785 quae
809 4709 883 4770 ideo

85 4811 194 4872 nubes
201 4809 341 4872 candida
349 4807 546 4885 appellatur,
555 4807 725 4883 quianihil
732 4805 885 4868 tenebro-

86 4924 163 4970 sum
184 4908 217 4968 in
241 4922 292 4976 ea,
318 4906 403 4966 nillil
424 4903 610 4977 obscurum,
628 4903 714 4981 quod
739 4901 884 4964 offendat

85 5006 211 5068 divinae
225 5002 410 5082 Majestatis
425 5002 550 5073 oculos,
567 5001 766 5064 inveniatur.
789 5002 884 5064 Unde

85 5102 288 5182 Apostolus:
313 5102 469 5164 Clcrtstus
488 5100 610 5162 ditescit
629 5101 828 5170 Ecclesiam,
850 5099 885 5160 ct

85 5201 312 5274 semtipsum
328 5197 472 5260 tradidit
490 5211 557 5272 pro
583 5212 624 5258 eo
639 5195 732 5273 (Eph.
758 5211 791 5267 v,
815 5195 881 5275 25),

86 5301 124 5362 nt
137 5296 311 5360 erliiberet
331 5295 395 5356 sibi
413 5294 594 5371 gloriosam
616 5293 799 5355 Ecclesiam
823 5308 884 5355 nec

87 5395 265 5456 habentem
284 5393 459 5460 maculam,
480 5407 586 5467 neque
605 5407 723 5466 rugam
741 5392 797 5452 aut
815 5391 883 5451 ali-

88 5491 168 5569 quid
184 5489 383 5567 hujusmodi,
404 5488 462 5550 sed
477 5489 513 5562 ut
529 5487 571 5549 sit
586 5488 701 5549 sancta
719 5489 752 5550 et
765 5488 885 5548 imma-

126 5612 172 5686 (l)
184 5613 291 5672 blissal.
308 5613 389 5670 Rom.
407 5611 435 5668 in
450 5607 528 5685 praei.
545 5609 580 5667 dc
595 5611 675 5667 l'ass.

936 3937 1073 4015 sumptae
1104 3937 1332 4011 humanitatis,
1364 3937 1400 3999 in
1435 3937 1543 3999 medio
1571 3938 1729 4000 Ecclesia

937 4051 1016 4108 suae,
1040 4035 1137 4112 quasi
1152 4035 1279 4110 lignum
1296 4035 1373 4096 vitae
1389 4035 1425 4096 in
1441 4033 1548 4095 medio
1568 4035 1728 4111 paradisi,

937 4133 1103 4209 plantatus
1117 4132 1177 4204 est,
1188 4132 1227 4193 de
1238 4134 1333 4209 cujus
1345 4131 1455 4193 fructu
1471 4131 1620 4209 quisquis
1633 4131 1731 4207 digne

937 4230 1198 4303 manducaverit,
1221 4223 1311 4292 viret
1333 4229 1368 4290 in
1383 4230 1556 4290 aeternum.
1583 4229 1730 4291 Tertium

937 4329 987 4388 est
1001 4327 1127 4402 lignum
1141 4327 1230 4400 ritae,
1248 4326 1334 4404 quod
1349 4326 1533 4402 plantatum
1548 4326 1599 4388 est
1618 4327 1654 4386 in
1674 4325 1731 4387 illo

937 4425 1098 4488 invisibili
1128 4425 1304 4502 paradiso,
1329 4424 1433 4497 idest,
1464 4424 1627 4501 sapientia
1651 4424 1729 4496 Dei,

938 4525 1032 4600 cujus
1052 4523 1178 4584 fructus
1202 4522 1295 4584 cibus
1316 4523 1366 4583 est
1387 4522 1560 4583 beatorum
1585 4521 1731 4598 Angelo-

937 4636 1022 4682 rum.
1040 4621 1205 4692 Primum,
1220 4619 1399 4681 secundum
1416 4619 1449 4682 θῖ
1462 4618 1595 4682 tertium
1611 4620 1662 4681 est
1673 4618 1733 4696 lig-

938 4718 1114 4791 numritae,
1129 4717 1187 4778 sed
1199 4715 1241 4777 ad
1253 4716 1387 4779 tertium
1400 4719 1532 4778 creatus
1548 4716 1610 4780 suit
1620 4718 1730 4779 homo.

937 4819 965 4876 Α
980 4816 1086 4894 primo
1101 4816 1225 4893 ejectus
1247 4816 1297 4877 est
1310 4815 1420 4888 homo,
1439 4831 1458 4876 a
1474 4815 1619 4876 secundo
1634 4832 1733 4877 revo-

938 4915 1033 4975 catus
1048 4914 1157 4974 homo.
1172 4913 1277 4989 Igitur
1289 4913 1416 4988 lignum
1430 4915 1508 4976 ritae
1523 4929 1589 4976 non
1603 4913 1653 4976 est
1667 4914 1734 4974 nisi

939 5013 973 5072 in
992 5011 1158 5089 paradiso.
1178 5013 1280 5074 Extra
1301 5011 1445 5074 inveniri
1462 5028 1528 5073 non
1548 5013 1665 5088 potest,
1686 5011 1733 5073 ihi

939 5109 1109 5185 linguntur
1129 5109 1261 5171 radices
1284 5112 1368 5187 ep‘us,
1383 5109 1429 5170 ibi
1454 5109 1504 5171 est
1526 5109 1619 5171 locus
1639 5112 1731 5186 ejus,

938 5208 985 5268 ibi
999 5207 1157 5285 expandit
1171 5223 1281 5269 ramos
1301 5209 1334 5269 et
1352 5207 1477 5284 profert
1493 5207 1648 5270 fructum.
1672 5208 1733 5268 Hic

939 5305 989 5368 est
1002 5305 1119 5368 hortus
1134 5305 1169 5366 in
1184 5321 1280 5383 quem
1296 5321 1423 5366 mecum
1442 5305 1612 5391 descendit
1626 5320 1732 5380 spon-

940 5419 1007 5464 sus
1024 5406 1103 5465 llaec
1117 5404 1167 5464 est
1179 5403 1276 5464 vinea
1292 5403 1423 5464 Domini
1438 5402 1594 5464 Sabaoth.
1610 5401 1672 5462 llic
1685 5402 1735 5462 est

939 5501 1031 5562 locus
1046 5500 1252 5562 deliciarum.
1271 5501 1331 5562 Hic
1349 5503 1400 5562 θεῖ
1412 5501 1529 5564 Ιιοιῖιιε
1544 5499 1731 5569 θοιιθΙιιειιε,

940 5597 972 5658 θῖ
984 5595 1057 5657 Ιοιιε
1073 5596 1234 5672 signatus
