3962 6294
290 371 352 464 sas

288 529 525 594 municationis
540 526 750 598 sententiam,
767 523 888 602 praeter
904 523 1015 589 notam
1031 525 1084 588 in-

288 629 399 690 famias
414 625 617 689 incurrisse:
636 623 837 685 fraternitati
859 623 924 686 tuae
945 625 1084 686 manda-

288 745 372 800 mus,
384 725 555 804 quatenus,
566 737 623 784 eos
636 721 940 783 excommunicatos
952 721 1082 798 publice

289 825 432 896 nunties,
442 823 475 886 et
484 822 587 883 iacias
596 821 637 882 ab
648 819 800 882 omnibus
813 819 938 883 arctius
950 820 1080 894 evitari,

286 924 389 984 donec
415 919 635 982 absolutionis
656 918 854 980 beneficium
876 933 935 995 per
964 917 1081 980 Sedem

284 1019 507 1098 apostolicam
520 1019 711 1079 mereantur
724 1037 730 1076 :
744 1016 859 1078 contra
870 1015 1081 1078 consiliarios

285 1119 318 1180 et
329 1117 489 1179 officiales
504 1116 648 1178 civitatis
662 1115 778 1192 ipsius,
792 1115 857 1175 nisi
870 1115 992 1176 statuta
1008 1115 1081 1192 ipsa

286 1217 326 1278 de
341 1213 579 1292 capitularibus
599 1213 704 1274 deleri
722 1213 872 1285 iecerint,
896 1214 930 1274 et
948 1213 1078 1286 idonee,

285 1315 372 1376 sicut
385 1313 490 1390 exigit
503 1329 568 1384 res,
585 1311 707 1383 caveri,
725 1311 810 1388 quod
829 1310 952 1371 similia
970 1311 1010 1372 de
1025 1327 1081 1372 ce-

282 1415 355 1474 tero
374 1427 440 1472 non
462 1409 604 1471 debeant
627 1409 801 1480 attentare,
824 1407 978 1471 similiter
1002 1424 1080 1486 pro-

285 1524 454 1571 cessurus
483 1508 634 1570 ceterum
656 1524 756 1585 quum
788 1507 889 1567 iidem
912 1506 1078 1568 statutarii

285 1607 388 1668 multa
404 1605 553 1668 debonis
570 1605 720 1666 ecclesiae
739 1605 853 1666 tenere
869 1604 1023 1666 dicantur
1042 1603 1078 1665 in

284 1704 434 1772 seudum,
464 1697 553 1780 ipsos
587 1702 804 1763 nibilominus
831 1702 901 1764 lore
931 1702 1078 1780 privatos

283 1801 391 1862 leudis
406 1800 594 1879 hujusmodi
610 1799 764 1861 nuntiare
779 1815 936 1877 procures
952 1798 965 1880 (
987 1799 1011 1880 ).

468 1992 732 2065 archiepiscopo
753 1992 896 2050 Pisano.

555 2149 692 2210 CAPUT
713 2149 768 2210 VI.

321 2303 429 2378 Supra
451 2315 487 2360 se
509 2298 657 2362 Ubaldus
686 2301 719 2360 et
741 2297 933 2360 Lambertus
956 2297 1076 2360 tratres

282 2398 453 2461 ambulare
481 2397 632 2460 volentes
662 2412 750 2458 caeca
778 2395 867 2458 ducti
897 2395 1076 2472 cupiditate

278 2495 472 2575 jamdudum
491 2493 542 2574 (a)
566 2493 751 2573 judicatum
772 2493 956 2554 calaritani
971 2493 1074 2570 juris,

281 2597 314 2658 et
328 2591 848 2672 proprietatisSedisApostolicae
858 2594 1074 2668 occuparunt,

281 2708 420 2770 quorum
450 2693 482 2753 S.
514 2692 547 2752 et
572 2691 608 2751 E.
638 2691 671 2752 ot
699 2689 802 2751 ceteri
825 2688 946 2752 tratres
975 2689 1075 2752 tantae

281 2789 548 2868 praesumptionis
578 2803 645 2850 non
666 2787 848 2850 timuerunt
872 2803 945 2849 esse
970 2788 1077 2866 parti-

280 3011 378 3081 missa,
389 3010 562 3083 tandemque
577 3009 612 3067 ab
632 3009 674 3066 eis
694 3023 769 3065 anno
790 3009 868 3078 lact,
886 3009 913 3066 iu
934 3025 999 3067 eum
1015 3017 1072 3068 sta·

279 3089 339 3139 tum
366 3081 479 3139 redacta
503 3089 557 3149 est,
582 3088 612 3138 ut
633 3093 706 3208 Bene
730 3079 841 3138 deserta
862 3079 954 3139 luerit.
976 3084 1074 3154 ltaque

280 3153 382 3210 memo
396 3154 476 3210 ruina
488 3167 538 3209 sua
552 3166 617 3208 cum
657 3151 759 3224 blegya
776 3166 876 3208 omues
893 3151 1027 3209 admonet
1047 3171 1054 3212 :

314 3225 421 3280 Discite
428 3223 573 3294 justitiam
586 3221 694 3290 eremiti,
706 3227 730 3278 ct
746 3238 802 3277 sion
811 3227 932 3280 temnere
942 3223 1036 3281 Diam.

315 3293 356 3367 (l)
376 3297 411 3354 V.
438 3295 532 3367 Supr,
553 3293 607 3350 col.
631 3293 692 3358 lat,
716 3293 742 3349 le
761 3294 860 3350 reuvoi
880 3308 916 3350 au
933 3293 1072 3366 syllabus,

279 3367 294 3438 ξ
308 3367 334 3436 6,
348 3369 405 3424 Des
420 3380 531 3422 errcurs
543 3363 676 3422 relatives
689 3361 704 3420 t
715 3364 740 3421 la
749 3361 859 3421 Soeictd
869 3363 961 3434 civile,
973 3369 1033 3421 tum
1042 3367 1074 3422 in

277 3453 315 3508 se,
332 3443 391 3494 turn
402 3437 432 3492 in
442 3437 545 3493 anisad
553 3436 708 3492 Ecclesiam
716 3435 910 3492 relationibus.
921 3437 962 3492 En
972 3443 1052 3493 outre
1064 3454 1071 3494 :

313 3509 353 3568 cl.
371 3511 465 3566 Lettre
477 3508 585 3581 encycl.
603 3507 638 3564 de
654 3505 732 3564 Lcon
740 3507 820 3572 xlll,
835 3504 872 3563 du
883 3507 900 3564 9
907 3506 968 3590 juin
984 3507 1070 3566 1878:

280 3601 291 3630 ι
309 3582 415 3637 Horum
439 3579 579 3635 malorum
595 3591 713 3636 causam
736 3577 762 3632 in
781 3591 815 3633 eo
831 3592 972 3650 praecipue
988 3579 1071 3636 sitam

277 3665 341 3707 esse
353 3650 434 3706 nobis
445 3663 611 3720 persuasum
623 3656 676 3716 est,
691 3647 766 3718 quod
779 3645 911 3719 despecta
922 3663 955 3705 ac
967 3649 1069 3721 rejecta

277 3722 313 3778 sit
327 3729 424 3778 sancta
442 3721 487 3776 illa
504 3727 531 3775 et
548 3719 750 3791 augustissima
766 3720 900 3775 Ecclesiae
918 3721 1071 3776 auctoritas

277 3807 340 3864 quae
356 3792 406 3849 liei
422 3790 537 3847 nomine
552 3787 677 3846 liumanc
691 3789 790 3871 generi
804 3796 914 3862 praeest,
932 3797 959 3846 et
973 3791 1068 3863 legiti-

276 3877 332 3919 mae
345 3861 482 3934 cujusque
495 3860 669 3916 auctoritatis
681 3858 785 3915 vindex
798 3866 840 3916 est
854 3868 882 3917 et
895 3861 1068 3933 praesidium.

275 3933 356 4002 Qriod
377 3949 443 3990 cum
464 3931 561 3988 hostes
580 3930 683 4003 publici
698 3929 805 3987 ordinis
820 3931 907 4002 probe
927 3933 1067 4002 noverint,

275 4005 344 4061 nibil
363 4005 455 4078 aptius
471 4001 663 4060 adsocietatis
682 4000 863 4059 fundamenta
882 4001 1068 4062 convellenda

275 4083 464 4149 putaverunt,
491 4089 577 4147 quam
608 4073 632 4131 si
667 4072 825 4130 Ecclesiam
853 4073 904 4130 liie
931 4075 1069 4146 pertinaci

274 4147 464 4222 aggressione
485 4153 644 4218 peterent...
657 4144 718 4216 ejus
747 4145 943 4202 auctoritatem
963 4154 991 4202 et
1010 4147 1067 4204 vim

273 4220 356 4276 novis
369 4217 468 4275 indies
483 4216 647 4273 vulneribus
661 4213 872 4284 labefactarent,
887 4231 1065 4289 supremam·

273 4305 328 4364 que
350 4297 519 4362 potestatem
542 4288 662 4345 Romani
684 4287 828 4344 Pontificis
845 4295 1015 4357 everterent,
1038 4290 1067 4344 in

272 4376 329 4436 quo
343 4368 457 4418 aeterne
473 4373 506 4416 ao
519 4357 709 4414 immutabiles
723 4357 789 4414 botri
802 4359 927 4430 rectique
943 4360 1068 4416 rationes

272 4431 420 4490 custodem
450 4432 477 4487 in
502 4431 584 4486 terris
610 4428 716 4485 habeut
739 4435 769 4485 et
792 4427 976 4486 adsertorem.
995 4431 1067 4488 llinc

271 4518 355 4575 porro
368 4501 500 4576 protecte
512 4499 798 4572 suntlegesdivinam
814 4499 961 4556 catholicae
971 4503 1064 4558 Eccle-

270 4575 321 4630 siae
337 4574 541 4640 consulentes,
556 4585 627 4643 quas
635 4571 662 4627 in
670 4570 811 4644 plerisque
820 4571 986 4644 regionibus
994 4572 1065 4629 tatas

271 4659 335 4703 esse
350 4643 541 4716 deploramus.
556 4663 566 4692 ι

306 4711 348 4788 (n)
368 4715 529 4771 lactentum
547 4713 755 4781 Caluritonunt,
765 4713 855 4784 juris,
866 4717 891 4768 et
901 4713 1062 4783 propriolu-

269 4785 306 4840 tis
328 4785 404 4842 Sedis
425 4784 599 4856 apostolicae.
617 4783 663 4840 Sic
682 4784 707 4840 le
731 4784 834 4840 endum
851 4799 858 4840 :
875 4783 990 4852 calaris,
1008 4785 1061 4842 cn-

268 4855 367 4984 {liaris
381 4855 487 4927 primas
500 4853 638 4912 Sardinia
656 4862 684 4911 et
718 4856 827 4911 orsicae.
846 4857 927 4912 Forte
942 4854 971 4911 tri
986 4856 1064 4913 cives

293 4927 366 4982 isani
385 4941 420 4982 eo
435 4925 602 4982 temeritatis
620 4927 778 4998 progresssi
793 4933 884 4991 crant,
896 4932 927 4982 ut
941 4941 1060 4999 usurpa-

268 5005 331 5054 rent
338 4995 495 5070 judicatum
509 4995 699 5054 calaritanum
709 4993 744 5050 ad
758 4995 859 5052 sedem
870 4997 890 5052 Α
896 4998 1062 5068 postolicam

268 5075 454 5142 spectantem,
469 5067 599 5138 exemplo
613 5065 818 5138 archiepiscopi
834 5068 939 5132 Pisani,
951 5069 998 5138 qui
1009 5069 1062 5125 sub

267 5139 435 5197 innocentio
453 5139 504 5204 ΙΙΙ,
523 5137 691 5210 dignitatem
714 5136 851 5208 primatus
877 5137 1015 5195 Sardiniae
1034 5147 1063 5196 et

266 5211 386 5335 Carsicis
401 5209 561 5268 calaritano
576 5207 662 5265 debiti
681 5220 697 5263 a
717 5206 793 5264 mille
812 5208 947 5265 tercentis
966 5209 1060 5280 annis,

266 5295 281 5336 a
306 5282 419 5338 cctavit.

302 5351 341 5425 (t)
363 5351 516 5409 Historiam
538 5358 622 5422 caput
643 5350 670 5417 6,
690 5350 784 5419 snpra
803 5365 846 5419 se,
867 5350 901 5406 de
923 5352 1061 5408 sententio

265 5422 494 5479 excommunicat.
516 5421 634 5493 epistola
661 5423 692 5478 B.
720 5419 885 5478 marchissae
908 5423 1011 5490 Masso,
1032 5429 1060 5480 et

266 5494 406 5551 ‘udicissae
427 5491 603 5560 calaritanae,
622 5492 650 5548 in
668 5494 739 5564 lleg.
758 5493 875 5550 lionorii
894 5495 951 5564 ΙΙΙ,
971 5493 1018 5550 lib.
1034 5495 1057 5562 1,

276 5567 421 5623 uculentcr
433 5563 559 5635 exbibet,
575 5577 638 5634 quta
653 5563 717 5620 talis
732 5569 785 5620 cst:

299 5637 431 5694 Piissimo
456 5635 542 5704 Patri,
567 5642 596 5692 et
619 5633 741 5691 Domino
764 5649 815 5691 suc
832 5635 878 5704 H.‚
899 5635 948 5692 liei
987 5634 1057 5692 ralia

263 5705 380 5765 Summo
397 5707 537 5776 Pontifici,
553 5707 583 5764 Β.
600 5705 700 5762 eadem
722 5711 755 5787 'et
776 5719 826 5762 sua
846 5707 937 5778 gratia
964 5650 1057 5763 ffiasse

263 5779 427 5850 marchisia,
448 5785 476 5838 et
486 5777 622 5853 jndicissa
637 5778 796 5837 calaritana
820 5783 849 5834 et
872 5776 1054 5848 arborensis,

927 361 1103 428 HONORII
1124 365 1168 426 III
1189 363 1337 429 OPERA.

1851 381 1900 448 380

1139 527 1899 617 cipes,minusquameisexpedieritattencenuo,

1138 625 1224 701 quod
1243 624 1362 686 baculo
1384 624 1568 688 arundineo
1589 629 1644 704 qui
1663 646 1789 695 manum
1808 637 1900 702 inhae-

1137 723 1242 783 rentis
1255 721 1362 783 eidem
1376 723 1535 800 perierat,
1548 725 1624 785 dum
1634 727 1689 804 qui
1698 733 1852 805 ponuntin
1862 738 1900 798 ais

1138 819 1292 882 fiduciam
1310 820 1499 884 innituntur
1513 841 1520 881 e
1533 822 1589 883 sed
1602 825 1635 885 et
1648 826 1791 902 predicti
1804 846 1901 894 omnes

1136 917 1177 978 ad
1200 917 1324 980 tantam
1345 918 1526 981 deveniunt
1545 921 1769 995 insaniemus
1788 943 1902 990 excon-

1136 1016 1324 1078 municatia
1336 1016 1443 1089 nobis,
1458 1018 1556 1094 longo
1566 1018 1710 1096 tempore
1719 1023 1786 1098 jam
1796 1025 1900 1102 elapso,

1136 1113 1185 1175 sio
1201 1130 1270 1176 suae
1288 1115 1356 1176 sint
1371 1114 1487 1176 salutis
1502 1115 1606 1188 obliti,
1623 1119 1658 1178 ut
1673 1132 1737 1178 non
1749 1120 1902 1184 videantur

1135 1210 1176 1271 ad
1187 1211 1344 1274 Ecclesiae
1356 1211 1515 1275 unitatem
1530 1213 1660 1290 quando
1670 1215 1776 1277 redire
1784 1217 1902 1283 debeant

1135 1309 1281 1384 cogitare
1300 1310 1357 1371 :hi
1372 1313 1482 1372 autem
1498 1314 1635 1389 propter
1646 1311 1744 1374 tantae
1754 1317 1903 1378 temerita-

1133 1405 1176 1466 tis
1191 1422 1366 1469 excessum
1380 1409 1420 1470 de
1436 1408 1544 1470 feudis
1555 1415 1634 1486 'quae
1652 1410 1693 1472 de
1710 1412 1836 1473 camera
1849 1417 1902 1473 llr-

1134 1503 1400 1582 chlepiscopatus
1416 1506 1529 1568 Pisan.
1546 1507 1742 1568 tenebantur
1754 1508 1903 1571 luerunta

1133 1602 1353 1679 quadriennio
1377 1604 1543 1666 defeudati
1567 1627 1574 1665 :
1595 1621 1709 1666 verum
1732 1621 1813 1683 saepe
1834 1608 1904 1668 sicut

1134 1701 1255 1764 dicitur
1269 1702 1458 1774 mussitant,
1476 1702 1561 1780 quod
1580 1703 1621 1764 de
1636 1702 1791 1766 fructibus
1806 1703 1904 1765 teudo-

1132 1815 1206 1859 rum
1219 1799 1378 1877 ipsorum,
1387 1816 1469 1878 quos
1480 1802 1825 1862 excommunicationis
1834 1803 1904 1862 tem-

1132 1912 1212 1974 pore
1227 1898 1424 1976 percipiunt,
1441 1899 1574 1962 obtento
1589 1898 1802 1961 absolutionis
1817 1899 1904 1960 bene·

1132 1995 1219 2070 ilci0,
1235 1997 1364 2073 integre
1380 1996 1443 2056 sibi
1459 1997 1616 2058 satisfieri
1637 1996 1804 2074 oportebit,
1821 2012 1904 2073 super

1132 2110 1196 2172 quo
1211 2095 1363 2157 volumus
1375 2094 1447 2168 tibi,
1459 2095 1493 2157 et
1501 2096 1568 2157 tuis
1584 2095 1826 2158 successoribus
1836 2110 1903 2172 pro·

1132 2192 1255 2254 videre.
1268 2195 1337 2254 Nos
1348 2193 1461 2270 itaque
1476 2192 1660 2255 dictrictius
1675 2192 1860 2263 inhibentes,
1870 2208 1903 2251 us

1132 2290 1309 2368 quidquam
1320 2290 1359 2351 de
1367 2290 1475 2351 feudis
1487 2289 1613 2352 eisdem
1626 2290 1678 2354 vel
1691 2306 1800 2351 eorum
1809 2289 1904 2350 tructi-

1130 2387 1191 2448 bus
1216 2389 1387 2464 perveniat
1410 2388 1450 2450 de
1466 2389 1577 2450 cetero
1593 2389 1635 2450 ad
1650 2389 1837 2466 praedictos;
1855 2387 1903 2447 tibi

1132 2486 1419 2548 etsuccessoribus
1427 2486 1494 2548 iuis
1506 2488 1704 2550 auctoritate
1715 2486 1904 2564 [crassantium

1130 2583 1349 2660 indulgemus
1367 2585 1402 2645 ut
1416 2599 1516 2662 super
1535 2583 1587 2645 bis
1607 2585 1655 2657 tu,
1670 2585 1704 2647 et
1716 2597 1904 2644 successores

1131 2683 1180 2744 tui
1190 2683 1224 2743 in
1240 2682 1351 2760 aliquo
1361 2698 1427 2743 non
1437 2682 1620 2744 teneamini
1635 2682 1772 2744 ulterius
1782 2697 1905 2758 respon-

1131 2777 1237 2859 sare(
1258 2777 1283 2862 ).

1129 3009 1337 3084 subjectionem
1359 3019 1503 3086 perpetuae
1523 3013 1679 3071 servitutis.
1694 3013 1781 3082 Quum
1797 3015 1853 3096 post
1865 3011 1904 3067 de-

1129 3097 1242 3139 cessum
1256 3083 1341 3139 clarte
1352 3085 1498 3140 memorias
1512 3084 1629 3141 illustris
1641 3086 1693 3142 viri
1706 3083 1807 3142 domim
1826 3090 1851 3138 et
1868 3096 1905 3153 pa

1128 3154 1180 3210 tris
1193 3153 1249 3210 mei
1271 3155 1317 3212 W.
1339 3153 1514 3212 marchionis
1535 3157 1641 3225 blasae,
1658 3163 1686 3214 et
1702 3153 1801 3228 judicis
1814 3153 1903 3212 calari·

1130 3225 1188 3281 taui
1201 3223 1296 3281 omnis
1310 3223 1413 3292 clerus,
1432 3233 1460 3283 et
1471 3226 1622 3283 universus
1636 3226 1756 3300 populus
1770 3231 1845 3284 mare
1858 3225 1901 3282 ca·

1128 3295 1257 3352 laritanae
1271 3297 1473 3353 convenissent
1488 3297 1518 3352 in
1539 3312 1640 3360 unum,
1656 3307 1687 3356 ut
1702 3311 1747 3354 me
1770 3298 1796 3352 in
1808 3294 1902 3368 judica·

1128 3375 1222 3422 catum
1265 3367 1467 3436 calaritanum,
1499 3368 1547 3439 qui
1575 3367 1641 3440 jure
1678 3365 1842 3425 hereditario
1866 3379 1906 3420 me
1952 3409 1953 3428 ,

1127 3435 1313 3509 contingebat
1339 3453 1419 3496 more
1441 3438 1524 3495 solito
1545 3439 1758 3508 confirmarent,
1780 3443 1906 3509 suscepto

1127 3523 1182 3580 que
1194 3505 1295 3565 baculo
1310 3510 1410 3582 regali,
1427 3507 1502 3581 quod
1517 3517 1560 3566 est
1571 3511 1688 3582 signum
1700 3507 1906 3586 cortssrmationis

1127 3579 1155 3635 in
1178 3593 1300 3652 regnum
1324 3579 1360 3636 de
1379 3579 1512 3636 manibus
1533 3593 1630 3638 vener.
1653 3581 1746 3639 fratris
1769 3589 1796 3638 et
1811 3577 1904 3636 domim

1126 3650 1183 3706 mei
1199 3649 1404 3723 archiepiscopi
1416 3651 1579 3720 calaritani,
1592 3665 1659 3708 cum
1677 3667 1794 3710 assensu
1806 3657 1833 3707 et
1842 3665 1905 3722 pre·

1126 3721 1216 3777 sentia
1232 3721 1482 3794 suffraganeorum
1501 3735 1629 3792 suorum,
1647 3731 1676 3780 et
1689 3723 1813 3780 omnium
1832 3719 1903 3776 nobi·

1126 3790 1194 3847 lium
1210 3798 1292 3848 terrae
1307 3792 1484 3863 calaritanae,
1498 3792 1590 3864 juravi
1605 3795 1734 3864 protinus
1748 3791 1850 3850 eisdem
1863 3803 1905 3848 co·

1125 3876 1187 3917 ram
1200 3863 1270 3944 ipsis
1280 3869 1347 3921 ante
1359 3871 1460 3921 caetera
1477 3870 1506 3920 et
1520 3871 1625 3935 preter
1636 3863 1703 3934 alia,
1713 3864 1788 3938 quod
1799 3875 1907 3935 regnum

1124 3933 1314 3991 Calantanum
1330 3949 1388 3992 uon
1405 3936 1571 4003 alienarem,
1599 3949 1693 4007 neque
1714 3937 1873 3999 minuerem,
1883 3939 1908 3987 at

1123 4005 1271 4061 castellum
1287 4006 1371 4062 alicui
1387 4005 1481 4078 aliquo
1495 4005 1574 4062 titulo
1587 4019 1644 4062 non
1658 4005 1810 4076 donarem;
1825 4017 1909 4074 neque

1123 4082 1238 4146 pactum
1253 4075 1366 4148 aliquod
1381 4083 1430 4134 aut
1441 4077 1608 4134 societatem
1622 4077 1747 4150 aliquam
1758 4092 1820 4134 cum
1831 4079 1908 4148 gente

1123 4147 1215 4219 aliqua
1230 4155 1365 4204 extranea
1381 4147 1482 4204 inirem
1504 4147 1695 4220 aliquatenus,
1719 4155 1767 4205 aut
1784 4147 1907 4204 lacerem.

1122 4219 1184 4274 sine
1212 4233 1354 4275 consensu
1378 4225 1406 4275 et
1425 4219 1570 4275 voluntate
1587 4220 1716 4276 oninium
1742 4216 1906 4276 eorunrdem.

1123 4291 1189 4346 Post
1202 4304 1258 4346 non
1274 4291 1394 4347 multum
1418 4303 1485 4347 vero
1504 4289 1640 4361 temporis
1652 4291 1787 4362 spatium,
1800 4295 1860 4362 post
1870 4287 1904 4342 is·

1122 4359 1179 4428 tud,
1207 4361 1302 4418 habito
1330 4361 1449 4418 consilio
1472 4375 1537 4416 cum
1549 4360 1715 4419 melioribus
1739 4367 1820 4418 terrie
1840 4371 1905 4415 inea
1949 4425 1950 4432 ἵ

1121 4433 1233 4487 suscei
1266 4433 1293 4488 in
1321 4433 1412 4488 virum
1441 4431 1565 4488 nobilem
1594 4432 1687 4488 virum
1726 4434 1756 4489 P.
1787 4430 1904 4492 nonriue,

1121 4447 1372 4586 quonnsmnjudicis
1380 4501 1550 4560 arborensis
1563 4502 1661 4570 illium,
1676 4502 1714 4559 ob
1728 4501 1903 4580 multiplicem

1120 4585 1255 4697 {tremam
1270 4580 1342 4630 tuter
1367 4573 1499 4646 praelatos
1523 4574 1723 4656 progenitores
1738 4580 1849 4630 nostros
1861 4569 1904 4650 diu

1141 4643 1246 4700 abitam
1261 4659 1275 4699 a
1293 4644 1374 4700 nobis
1397 4643 1569 4714 sedandam3
1586 4659 1615 4700 m
1636 4643 1718 4716 cuius
1737 4644 1904 4701 matrimonii

1119 4711 1332 4786 dispensatione
1351 4715 1377 4770 in
1389 4723 1499 4786 quarto,
1513 4723 1542 4772 et
1563 4716 1661 4840 quinto
1672 4713 1903 4788 consanguinita-

1119 4785 1154 4840 tis
1178 4783 1279 4868 gradu‚
1300 4799 1356 4856 quo
1381 4800 1433 4842 nos
1457 4786 1678 4858 attingemus,
1705 4801 1721 4842 a
1740 4785 1829 4844 felicis
1849 4797 1903 4864 me·-

1120 4869 1217 4912 monae
1230 4862 1412 4913 antecessore
1425 4863 1520 4913 vestro
1534 4856 1615 4913 nuliis
1625 4871 1764 4914 coricessa
1779 4858 1807 4913 in
1824 4867 1906 4912 mam-

1118 4925 1171 4982 bus
1196 4927 1345 4983 memorati
1368 4927 1573 5010 archiepiscopi
1601 4928 1753 4986 calaritani
1776 4925 1905 5000 praedicto

1117 4998 1291 5054 antecessori
1308 5005 1413 5066 vestro,
1433 5013 1549 5070 suisque
1568 4997 1781 5056 successoribus
1800 5000 1828 5054 in
1845 5011 1904 5068 per·

1117 5074 1232 5139 petuum
1248 5083 1297 5140 pro
1318 5069 1444 5126 Ecclesia
1472 5071 1610 5137 Romana,
1630 5069 1707 5142 juxta
1734 5068 1854 5126 sormam
1873 5065 1906 5122 ab

1116 5139 1277 5210 Apostolos
1308 5138 1380 5195 Sede
1406 5139 1475 5196 milti
1508 5156 1543 5197 ex
1565 5155 1685 5208 lessam,
1714 5140 1905 5211 iuramentum

1115 5209 1241 5278 exhibui,
1255 5225 1309 5267 una
1323 5211 1455 5267 cumviro
1469 5225 1533 5267 meo
1545 5155 1687 5269 fidelitatis
1699 5209 1813 5278 debitae,
1829 5209 1906 5282 eirjus

1116 5279 1235 5337 lerneam
1252 5289 1280 5337 et
1294 5283 1397 5338 seriem
1416 5281 1490 5339 bulla
1511 5284 1592 5409 reffini
1611 5283 1699 5338 nostri
1720 5281 1869 5346 bullatam,
1880 5286 1906 5334 et

1115 5367 1164 5478 ger
1180 5367 1274 5408 meum
1290 5352 1371 5410 vobis
1392 5354 1522 5409 nuntium
1565 5353 1725 5420 estinatam,
1755 5352 1842 5410 credo
1857 5363 1906 5406 vos

1135 5423 1219 5480 abere
1235 5424 1262 5479 iu
1286 5423 1408 5480 armario
1432 5424 1566 5481 Ecclesiae
1587 5426 1731 5480 llomanse.
1758 5425 1906 5493 Quumque

1114 5502 1177 5576 post
1199 5493 1269 5562 broc,
1282 5493 1348 5558 beu,
1360 5494 1431 5566 proh
1446 5494 1533 5552 dolori
1552 5495 1687 5551 altissima
1713 5493 1823 5550 fruerer
1837 5505 1905 5565 pace

1114 5579 1141 5620 m
1158 5571 1214 5622 tota
1233 5573 1306 5621 terro
1322 5574 1427 5634 nostra,
1450 5581 1518 5622 ecce
1531 5567 1697 5623 Pisandrum
1713 5565 1824 5630 consul,
1841 5577 1904 5618 cum

1113 5636 1208 5692 institis
1222 5637 1275 5693 sibi
1307 5651 1337 5693 se
1360 5637 1476 5694 uacibus
1492 5636 1641 5703 nobilibus,
1665 5635 1760 5693 multis
1776 5635 1904 5691 minisei

1112 5707 1275 5776 terroribus,
1297 5652 1448 5780 mentisque
1463 5705 1694 5779 persuasionibus
1709 5704 1903 5764 adulationum

1113 5778 1140 5835 in
1156 5785 1274 5850 tantum,
1290 5786 1318 5836 et
1333 5779 1424 5838 taliter
1439 5779 1538 5837 institit
1553 5777 1633 5850 milri,
1654 5786 1693 5850 ut,
1708 5778 1770 5837 sine
1784 5775 1903 5834 consilio
