4004 6302
1 327 2 340 ¹
85 312 145 373 'tat
277 314 622 388 QUADRAGESIMAE
643 315 848 378 nomisma
870 315 1050 391 QUARTA.
1066 349 1105 366 -
1121 319 1167 383 IN
1189 322 1332 386 Rosam
1352 324 1540 389 AUREAM.
1680 335 1742 398 798

86 471 147 534 isti
159 470 350 550 significant
363 474 514 538 infirmos
533 475 569 540 ln
590 475 665 550 ilde,
689 478 723 541 et
741 473 888 539 nondum
942 477 1435 563 ‹cumlaetitiaquilntrlstltla
1447 486 1739 571 ruistisqnonlam

1 641 2 646 ἵ
86 568 226 633 idoneos
246 588 378 650 pugnae,
395 573 473 651 quia
488 573 575 636 sicut
588 573 670 637 dicit
688 575 885 652 Apostolus:
941 595 960 639 s
982 577 1149 656 absterget
1169 582 1328 644 Dominus
1350 599 1481 648 omnem
1501 587 1681 666 lacrymam
1696 593 1738 654 ab

85 668 449 744 Imposstos'teestsine
463 672 885 751 adeptocereDeofflebr.
938 693 960 736 ⁴«
981 678 1086 739 oculis
1114 679 1315 754 sanctorum,
1340 684 1458 762 etjam
1479 702 1546 748 non
1568 687 1633 750 erit
1663 705 1740 752 am-

84 781 136 838 11,
158 765 204 846 6),
227 771 309 842 puto
323 767 443 841 justus
461 784 508 832 ec)
528 772 594 844 nde
615 771 702 832 otott
725 771 836 850 (Rom.
861 785 884 844 1,
942 791 960 834 s
981 774 1068 852 plius
1094 793 1201 855 neque
1222 779 1341 854 luctus,
1368 797 1475 860 neque
1505 784 1648 859 clamor,
1679 787 1737 849 sed

87 864 154 942 17).
171 867 314 927 Possunt
328 867 427 928 etiam
443 881 503 944 per
512 868 669 930 mulieres
684 871 718 931 ct
730 868 886 946 parvulos
940 889 959 932 s
980 887 1042 934 noc
1058 873 1145 936 ullus
1158 874 1252 938 dolor
1267 877 1345 955 quia
1359 878 1473 958 priora
1488 881 1703 946 transierunt.
1719 901 1738 946 s

84 963 233 1040 reprobi,
261 964 294 1025 et
318 965 466 1042 quinon
493 981 570 1028 rere
599 967 738 1028 credunt
762 966 797 1029 in
822 967 886 1030 fide
941 967 999 1048 (ls.
1014 985 1107 1045 nxvr,
1119 971 1186 1053 10.)

86 1061 246 1124 Ecclesiae
260 1061 409 1138 figurari,
425 1063 504 1140 qaia
516 1065 667 1140 quamvis
683 1081 758 1138 cum
770 1065 885 1127 electis
981 1070 1210 1147 Repraesentat
1233 1071 1346 1150 itaque
1360 1073 1431 1136 dies
1461 1075 1524 1138 iste
1543 1077 1740 1142 charitatem

81 1159 263 1222 comedant
274 1162 307 1222 et
318 1159 443 1233 bibant,
459 1162 493 1223 et
511 1162 579 1223 sint
600 1163 635 1223 in
650 1179 765 1224 eorum
786 1163 887 1224 tami·
939 1167 1014 1244 post
1025 1167 1147 1239 odium,
1157 1169 1316 1245 ,gaudium
1326 1172 1400 1248 post
1409 1173 1588 1248 tristitiam,
1602 1177 1741 1239 satieta-

86 1257 235 1320 liaritate
248 1258 302 1320 die
317 1259 492 1336 noctuque,
507 1259 628 1333 tamen,
652 1261 749 1323 extra
764 1275 884 1323 nume·
939 1267 1006 1327 tem
1012 1265 1221 1342 postremam.
1231 1268 1324 1330 Unde
1336 1291 1343 1330 :
1354 1272 1504 1334 Gowete
1512 1275 1675 1337 tnlaetttto
1682 1279 1742 1350 put

84 1370 162 1416 rum
178 1355 360 1418 electorum
374 1356 461 1429 sunt,
478 1371 538 1434 per
551 1371 698 1420 errorem
717 1358 751 1420 at
772 1359 886 1436 pravi·
938 1364 1133 1426 tntrtstttto
1143 1367 1271 1439 mars,
1286 1366 1325 1436 ut
1336 1367 1513 1431 satiemini
1526 1373 1568 1432 ab
1581 1373 1742 1436 uberibus

81 1454 189 1516 tatem
204 1453 480 1517 conversationis.
496 1455 541 1517 111
554 1455 707 1518 tuterunt
720 1459 885 1530 remotos
938 1462 1501 1544 cortsotottootsoestrae(ls.,nxr1,
1514 1466 1577 1548 11).
1595 1471 1633 1530 ln
1650 1471 1741 1533 omni

84 1553 265 1614 duodecim
288 1555 450 1628 cophinos
474 1554 752 1630 stopmentorum
770 1553 882 1634 (ioan.
937 1558 1116 1621 vorborum
1129 1559 1280 1623 clausula
1290 1564 1485 1640 jucunditas
1499 1565 1640 1638 exultat,
1655 1583 1741 1644 gau-

84 1665 132 1722 vr,
146 1650 206 1725 133
220 1650 338 1711 Matth.
351 1665 422 1723 xiv,
434 1649 501 1730 20).
515 1651 765 1729 Reliquiaesunt
779 1652 884 1730 spiri·
939 1654 1029 1717 dium
1055 1659 1209 1732 resonat,
1241 1658 1396 1722 hilaritas
1424 1662 1624 1725 cumulatur.
1651 1667 1742 1726 Bene

80 1748 193 1809 tuales
207 1747 450 1825 intelligentiae,
467 1747 641 1811 subtiliora
656 1750 689 1811 et
704 1750 884 1812 secretoria
937 1768 1019 1831 orgo
1029 1754 1151 1817 dicitur
1161 1773 1200 1817 :s
1214 1757 1344 1821 Latara
1357 1759 1543 1822 Jerusalem
1556 1761 1589 1822 et
1600 1777 1743 1824 conven-

85 1846 383 1923 documentaque
398 1846 563 1908 aradibus
572 1847 646 1926 capi
655 1863 721 1910 non
732 1850 881 1925 possunt,
938 1851 1007 1914 tum
1022 1852 1121 1915 facite
1134 1869 1250 1918 omnes
1265 1856 1322 1933 qui
1336 1855 1476 1932 diligitis
1491 1855 1631 1939 samii).
1641 1862 1742 1921 »Om-

81 1961 159 2022 quae
181 1959 248 2005 non
263 1945 341 2006 sunt
358 1943 565 2021 negligenter
577 1945 811 2024 relinquenda,
826 1947 883 2009 sod
938 1965 997 2012 nos
1010 1953 1067 2029 qui
1082 1951 1228 2029 diligunt
1244 1953 1412 2016 coelestem
1428 1955 1625 2030 Jerusalem,
1641 1957 1738 2032 idest,

81 2057 104 2102 a
126 2041 302 2104 duodecim
317 2042 483 2118 apostolis
496 2043 534 2104 et
544 2035 661 2105 eorum
676 2045 883 2106 successori·
938 2047 995 2126 qui
1010 2050 1148 2128 cupiunt
1161 2051 1336 2128 pervenire
1355 2053 1397 2114 ad
1414 2051 1573 2115 aternam
1592 2053 1740 2118 beatitu-

83 2139 157 2212 bus,
173 2139 352 2214 diligenter
366 2139 557 2217 qrraerenda·
572 2141 730 2218 cophinis
747 2141 884 2204 servilia
938 2147 1061 2221 dinem,
1086 2147 1206 2210 debant
1229 2148 1270 2210 ad
1292 2149 1471 2212 laetandum
1492 2153 1682 2226 convenire,
1706 2154 1741 2216 et

79 2253 187 2314 opera
199 2237 374 2313 geruntur,
387 2235 424 2299 et
438 2238 597 2300 Dominus
616 2238 748 2300 infirma
769 2239 884 2301 mundi
938 2245 1137 2308 conventum
1161 2245 1283 2320 lacero,
1306 2247 1402 2321 idest,
1425 2247 1546 2312 dehent
1564 2265 1639 2312 esse
1660 2265 1743 2314 con-

79 2335 187 2411 elegit
201 2335 240 2397 ut
253 2333 433 2397 contundat
453 2335 564 2399 fortia.
585 2337 646 2399 Vel
661 2337 779 2400 aliter.-
795 2340 885 2400 Duo-
938 2343 1056 2405 cordes
1070 2343 1106 2404 in
1120 2343 1186 2406 ilde
1200 2344 1365 2407 catholice
1384 2345 1417 2407 et
1430 2345 1517 2408 bono
1534 2363 1645 2425 opere.
1665 2349 1741 2412 Non
1824 2357 1829 2364 '

78 2433 192 2494 decim
217 2431 353 2510 cophini
382 2435 461 2495 sunt
480 2433 654 2496 duodecim
681 2435 831 2513 apostoli
849 2437 885 2499 et
938 2441 1018 2502 mali
1039 2441 1097 2502 sed
1120 2440 1210 2515 boni,
1231 2457 1299 2504 non
1321 2442 1471 2505 haeretioi
1491 2444 1548 2506 sed
1570 2445 1740 2520 catholici,
1846 2511 1852 2527 p

82 2531 148 2592 riri
182 2530 333 2608 perlecti,
364 2531 420 2609 qui
448 2531 628 2610 implentur
661 2533 701 2595 de
732 2533 882 2612 reliquis,
938 2553 1005 2601 non
1018 2554 1129 2612 canes,
1151 2539 1209 2601 sod
1224 2555 1314 2602 oves.
1328 2541 1413 2612 Quia
1430 2541 1578 2604 charitas
1595 2543 1648 2604 est
1665 2543 1741 2604 lons

81 2629 180 2702 idest,
195 2628 427 2706 spiritualibus
446 2630 665 2693 sacramentis
680 2647 755 2709 quaa
769 2632 883 2709 populi
938 2637 1094 2715 proprius
1115 2637 1169 2699 cui
1191 2652 1258 2698 non
1273 2639 1497 2700 communicat
1513 2637 1654 2700 alienus.
1671 2642 1743 2701 Ha-

83 2742 151 2788 non
165 2727 309 2804 possunt
320 2727 503 2801 comedere,
510 2727 606 2801 idest,
614 2728 813 2806 intelligere.
822 2729 883 2793 Vel
937 2733 1013 2798 boat
1022 2751 1102 2812 ergo
1116 2734 1314 2797 charitatem
1327 2736 1364 2798 in
1386 2737 1496 2810 corde,
1512 2737 1570 2816 qni
1580 2753 1660 2800 vere
1670 2737 1742 2800 vult

79 2825 263 2887 duodecim
276 2825 412 2903 cophini
429 2827 506 2888 sunt
520 2826 694 2888 duodecim
707 2827 883 2905 Prophetae
938 2833 973 2894 in
988 2833 1051 2896 hoc
1064 2835 1229 2896 conventu
1239 2834 1397 2910 gaudere.

82 2923 140 3000 <lli
155 2922 294 2984 filerunt
313 2923 452 3001 majoris
468 2923 675 2986 auctoritatis
696 2924 732 2987 ct
755 2925 884 2987 discre-
977 2933 1018 2994 Et
1029 2931 1099 2994 tres
1114 2933 1297 2994 conventus
1312 2932 1470 2994 debemus
1485 2930 1607 3006 iacere,
1620 2932 1742 2996 rideli-

84 3020 196 3093 tionis,
212 3020 247 3082 et
258 3019 393 3098 quinon
408 3021 485 3084 sant
499 3021 602 3084 locuti
617 3021 809 3098 carnaliter,
825 3021 883 3086 sed
938 3029 990 3092 cet
1002 3045 1076 3092 cum
1089 3029 1282 3092 adversario
1292 3031 1446 3108 primum,
1459 3045 1533 3092 cum
1550 3031 1670 3108 angelo
1681 3047 1740 3094 se-

82 3113 320 3193 iliilitllalffll'·
938 3127 1093 3202 cundum,
1109 3145 1184 3190 cum
1196 3131 1264 3190 Deo
1278 3127 1424 3190 tertium.
1439 3128 1504 3190 Sed
1515 3133 1650 3207 propter
1661 3145 1743 3208 pro-

939 3227 1102 3289 lixitatem
1118 3226 1320 3305 adpraesens
1337 3226 1530 3289 omittimus.
1551 3225 1742 3290 Notandum

435 3329 530 3419 XIX
938 3325 989 3387 est
1002 3325 1088 3403 quod
1104 3324 1259 3386 cantatur
1277 3324 1377 3389 hodie
1395 3325 1541 3386 osticium
1558 3325 1599 3388 de
1611 3325 1740 3395 laetitia,

937 3421 1280 3484 videlicetasLaetare
1289 3422 1488 3496 Jerusalem,
1500 3423 1533 3485 et
1542 3424 1741 3485 conventum

351 3555 555 3630 ,mn

385 3705 585 3770 AUREAM
937 3715 1114 3776 decausis
1138 3714 1283 3791 gaudere
1304 3713 1462 3777 debemus
1487 3735 1496 3776 ε
1520 3731 1582 3794 pro
1602 3714 1743 3779 subver-

938 3813 1033 3876 sione
1055 3811 1191 3886 diaboli‚
1212 3827 1271 3890 pro
1292 3811 1399 3889 gloria
1422 3812 1494 3886 Del,
1522 3829 1585 3891 pro*
1603 3828 1744 3890 repare-

120 3909 295 3973 ilodierna
308 3909 363 3972 die
386 3911 557 3972 Romanus
572 3909 727 3973 Pontifex
741 3925 885 3974 consue·
937 3911 1028 3973 tione
1042 3910 1174 3988 generis
1188 3909 1336 3972 humani.
1353 3914 1419 3973 Pro
1434 3910 1650 3974 subversione
1668 3911 1745 3973 dia-

84 4009 131 4072 sit
145 4013 271 4072 Rosam
282 4023 419 4071 auream
434 4009 468 4070 in
484 4023 587 4070 manu
601 4009 746 4088 portare.
765 4011 883 4087 inqua
937 4008 1021 4081 boli,
1043 4009 1120 4086 quia
1141 4008 1328 4070 destructus
1350 4008 1401 4070 est
1419 4007 1571 4069 diabolus
1590 4023 1650 4085 per
1663 4023 1743 4071 cru·

84 4108 193 4185 primo
208 4106 421 4170 considerare
433 4106 589 4169 debemus
604 4108 745 4185 tempus,
759 4106 882 4178 locum,
938 4123 1009 4168 cem
1020 4106 1154 4168 Christi.
1167 4107 1232 4167 Pro
1243 4104 1349 4182 gloria
1360 4105 1435 4181 Dei;
1448 4105 1525 4183 quia
1534 4104 1742 4181 glorificetur

82 4207 119 4268 et
143 4221 334 4283 personam.
357 4207 511 4282 Tempus,
534 4203 612 4283 quia
636 4205 687 4266 est
710 4205 746 4268 in
775 4205 884 4268 media
938 4207 1026 4266 Deus
1050 4202 1182 4282 quando
1199 4202 1356 4264 laudatur
1372 4201 1414 4264 ab
1432 4201 1561 4279 angelis
1582 4202 1616 4265 et
1629 4203 1742 4262 homi-

86 4303 363 4380 Quadragesima3
379 4295 500 4375 locum,
516 4302 593 4380 quia
607 4302 643 4364 in
659 4303 885 4366 Sanctaieru·
939 4301 1049 4365 nibus.
1083 4304 1149 4363 Pro
1178 4300 1392 4378 reparatione
1419 4299 1551 4376 generis
1583 4298 1740 4377 humani3

81 4402 206 4478 salem3
228 4417 416 4479 personam,
435 4401 513 4478 quia
529 4400 582 4462 est
598 4403 752 4462 Summus
768 4401 887 4464 Ponti·
939 4400 1017 4478 quia
1038 4398 1230 4462 reducimur
1256 4414 1316 4478 por
1340 4397 1508 4460 Christum
1534 4396 1576 4459 ad
1600 4398 1740 4476 paradi-

85 4499 151 4572 iex,
194 4515 369 4562 successor
407 4497 516 4572 Petri,
555 4499 589 4561 et
620 4498 774 4561 vicarius
804 4501 884 4562 Jesu
938 4514 1024 4560 sum.

84 4597 210 4660 Christi
244 4597 302 4675 qui
329 4598 381 4660 est
397 4599 477 4660 ilex
504 4611 636 4673 regum,
666 4596 698 4658 et
725 4597 885 4674 Dominus
979 4595 1117 4658 Lactora
1130 4597 1322 4658 lemosotem
1329 4637 1389 4655 .....
1404 4591 1495 4656 Istud
1515 4593 1660 4656 officium
1677 4592 1743 4655 ho·

82 4695 346 4768 dominantium,
367 4695 424 4774 qui
444 4693 652 4772 significatur
669 4710 731 4774 per
748 4697 883 4757 Rosam.
940 4694 994 4756 die
1016 4693 1170 4756 cantatur
1186 4692 1272 4771 quod
1290 4692 1342 4754 est
1356 4691 1397 4754 de
1415 4691 1544 4764 laetitia,
1567 4692 1600 4754 et
1620 4691 1656 4753 in
1674 4691 1743 4754 alia

82 4797 229 4872 Tempus
243 4792 520 4856 considerandum
545 4793 606 4868 ost,
630 4793 708 4869 quia
730 4793 808 4856 talis
830 4809 887 4856 so-
939 4791 1107 4854 dominica
1122 4789 1312 4852 cantabitur
1327 4789 1367 4852 do
1382 4789 1538 4867 passione
1555 4790 1589 4851 et
1603 4789 1643 4851 de
1657 4789 1742 4851 tris-

84 4890 243 4954 lomnitas
262 4891 414 4954 ordinata
430 4891 493 4954 fuit
511 4891 643 4953 abesto
667 4891 828 4968 Gregorio
851 4891 885 4952 in
940 4890 1025 4953 titia.
1050 4889 1091 4951 Et
1108 4889 1180 4951 haeo
1200 4887 1251 4950 est
1273 4903 1374 4950 causa
1389 4904 1463 4966 quae
1477 4887 1571 4972 prius
1590 4888 1744 4950 canmtur

85 4989 254 5052 dominica
287 4989 405 5052 mediae
435 4989 725 5067 Quadragesimse,
755 5005 815 5066 pro
846 5005 885 5052 eo
940 4987 981 5051 de
996 4987 1126 5056 laetitia,
1140 5001 1238 5065 quam
1251 4986 1292 5048 do
1301 4986 1448 5059 tristitia,
1463 4987 1542 5064 quia
1553 4988 1641 5048 Deus
1651 4986 1744 5064 prius

83 5083 171 5162 qrrod
205 5083 388 5144 humanum
421 5097 560 5162 corpus,
597 5085 806 5164 suppositum
836 5087 888 5150 est
940 5086 1123 5151 laetificavit
1145 5086 1276 5147 sanctos
1298 5099 1377 5146 suos
1398 5083 1439 5146 de
1460 5099 1518 5161 spe
1540 5085 1674 5146 aeternae
1688 5099 1744 5145 re-

85 5181 200 5242 muliis
228 5180 489 5255 infirmitatibus,
515 5182 701 5254 laboribus,
728 5185 887 5247 tentatio-
940 5185 1130 5249 tributionis
1148 5199 1247 5263 quam
1265 5183 1451 5244 sustineant
1465 5182 1611 5259 aliquam
1631 5181 1742 5243 tribu-

85 5278 195 5352 nibus,
226 5278 506 5342 tribulationibus.
531 5281 570 5342 ut
590 5280 665 5343 ideo
690 5297 756 5343 non
779 5282 888 5360 potest
941 5285 1099 5346 lationem
1130 5281 1307 5361 passionis.
1341 5279 1434 5343 Unde
1463 5279 1499 5340 in
1527 5280 1741 5356 Evangelio:

86 5377 143 5438 diu
167 5377 334 5439 sustinere
355 5377 487 5440 labores
506 5378 725 5460 jejuniorum,
752 5380 888 5456 vigilia·
941 5379 1473 5453 camicetecoootepuomom
1482 5377 1743 5440 marcescestro

86 5491 161 5536 rum
175 5475 209 5536 ot
221 5473 364 5538 aliarum
375 5474 594 5539 afflictionum
607 5476 672 5539 nisi
682 5475 888 5540 refocilletur
941 5483 1077 5557 copioso
1098 5479 1150 5542 est
1164 5481 1202 5540 tn
1216 5479 1309 5539 coelts
1328 5473 1473 5556 (Matth,
1494 5491 1527 5549 v,
1551 5474 1614 5555 12).
1635 5477 1742 5552 liiijus

86 5589 146 5650 per
159 5561 295 5651 aliquod
310 5573 480 5651 gaudium,
497 5575 583 5638 sicut
594 5575 716 5638 dicitur
729 5591 736 5632 ε
751 5576 888 5638 ‹Inter-

87 5689 105 5732 ‹
127 5687 216 5750 pone
230 5671 474 5736 tuisinterdum
487 5672 608 5749 gaudia
622 5673 723 5736 curia.
741 5673 887 5736 Gaudete
979 5681 1020 5759 (1)
1041 5681 1120 5742 lliss.
1138 5683 1221 5740 Rom.
1241 5681 1324 5739 Dom.
1347 5681 1387 5739 lll
1407 5678 1480 5737 hdr.
1501 5685 1531 5738 et
1544 5679 1584 5737 lll
1597 5676 1741 5753 Quadrag.
