3954 6358
19 339 84 401 729
650 323 695 392 IN
717 325 866 391 casira
884 325 1056 392 intulis.
1614 335 1676 400 730

22 495 209 562 evademus
238 490 435 556 sententiam
468 487 603 553 aterne
629 487 820 551 damnatio·
875 485 1023 566 tempore
1043 487 1206 552 meamus
1228 479 1352 552 bonum
1376 485 1463 570 quod
1486 491 1671 558 seminavi-

19 597 88 656 nis.
120 594 169 656 nd
196 593 328 656 veniam
348 588 593 661 inveniendam,
617 585 707 665 quia,
736 585 822 650 sicut
875 601 960 648 mus.
975 587 1122 650 vocanr
1142 587 1253 650 autam
1274 587 1401 666 primus
1416 591 1513 667 panis
1527 593 1673 654 carnalis

18 687 159 771 Moyses
182 689 401 769 quadraginta
429 685 544 748 diebus
564 688 722 763 jejunans
752 685 820 746 im·
874 685 928 745 vel
950 684 1145 762 corporalis,
1168 685 1333 747 secundus
1350 686 1535 761 rationalis,
1552 689 1673 753 tertius

20 791 170 869 patravit
203 788 336 850 veniam
366 786 502 864 populo,
530 785 577 847 ita
603 799 665 846 nos
692 781 824 845 obtine·
876 781 1071 859 spiritualis.
1094 783 1137 844 Hi
1159 784 1237 845 sunt
1255 799 1357 861 panes
1379 785 1448 864 qui,
1461 788 1589 864 quoties
1612 787 1673 850 de-

20 889 136 951 bimus
161 887 293 951 reniam
326 885 536 964 peccatorum
566 882 755 946 nostrorum
786 877 821 942 in
876 881 963 954 sunt,
986 883 1089 944 aDeo
1115 882 1285 959 querendi
1308 884 1395 944 sunt.
1415 885 1533 948 Merito
1560 866 1671 948 autem

21 986 91 1048 hoc
123 983 401 1063 quadragesimali
428 981 568 1061 jeiunio.
601 980 651 1042 nd
681 975 821 1056 gratiam
876 978 1671 1058 tresquaeruntur,quiatresreiiciendiveniunt3

22 1080 305 1160 consequendam,
320 1081 397 1158 quia
419 1079 506 1141 sicui
525 1077 635 1155 angeli
649 1075 823 1138 ministra·
877 1076 988 1138 anima
1002 1077 1099 1154 quasi
1112 1077 1176 1150 vir,
1188 1091 1267 1138 caro
1278 1076 1373 1155 quasi
1385 1081 1520 1157 conjnx,
1535 1079 1672 1158 spiritus

21 1171 821 1254 veruntDominopostjcjaniumettentationem,
876 1174 968 1236 velut
992 1175 1166 1252 utriusque
1190 1174 1402 1236 vernaculus.
1427 1176 1467 1239 st
1492 1177 1674 1239 notandum

22 1278 75 1339 ita
101 1277 134 1340 et
156 1275 290 1354 peracto
307 1275 436 1354 jejunio
456 1272 568 1350 angeli
589 1269 824 1334 ministrabunt
878 1271 963 1350 quod
976 1271 1114 1334 nonait:
1132 1274 1188 1344 da,
1210 1273 1270 1333 scd
1294 1276 1471 1336 wmncoda
1495 1273 1577 1334 milri
1600 1275 1670 1336 tres

24 1373 127 1436 nobis
162 1371 376 1437 invisibiliter
409 1371 550 1448 gratiam
586 1369 743 1432 divinam.
774 1367 823 1430 Ad
878 1381 980 1442 panes
995 1366 1091 1444 quasi
1104 1365 1307 1440 redditurae,
1324 1368 1403 1445 quia
1417 1369 1573 1430 sacerdos
1588 1385 1671 1447 pec-

24 1472 171 1549 gloriam
183 1469 446 1549 promerendam,
465 1469 542 1548 quia
564 1467 650 1530 sicut
665 1467 824 1530 Dominus
878 1463 982 1525 catori
1013 1462 1233 1526 conuertenda
1256 1464 1354 1528 debet
1377 1465 1509 1542 quidem
1531 1467 1674 1543 gratiam

24 1568 186 1647 apparuit
199 1567 371 1645 discipulis
381 1567 450 1628 suis
461 1565 535 1644 post
546 1564 823 1627 resurrectionem
878 1560 1036 1624 divinitus
1057 1561 1250 1640 impetrare,
1266 1561 1410 1625 fructum
1423 1579 1504 1625 vero
1527 1563 1675 1642 ejusdem

25 1681 89 1745 per
101 1665 173 1728 dies
187 1663 416 1743 qnadraginta,
430 1663 477 1724 ita
494 1660 667 1741 apparebit
679 1660 774 1724 nobis
788 1661 824 1722 in
878 1657 994 1736 gratiae
1006 1673 1073 1720 non
1088 1659 1162 1734 sibi,
1179 1659 1237 1722 sed
1252 1662 1319 1722 Dec
1334 1659 1471 1723 reterre.

22 1764 93 1825 hoc
103 1763 233 1841 jejunio
250 1759 468 1823 illuminando
484 1759 584 1822 corda
598 1759 723 1821 nostra.
919 1756 997 1818 Sine
1013 1756 1170 1819 aviditate
1184 1779 1193 1834 ;
1209 1758 1288 1835 quia
1299 1761 1408 1836 major
1422 1759 1520 1837 culpa
1534 1759 1586 1822 est
1599 1775 1677 1822 cum

65 1861 204 1922 Modum
227 1859 440 1922 considerare
468 1857 636 1930 debemus,
652 1853 825 1918 comedere
879 1867 999 1930 magno
1027 1853 1191 1918 desiderio
1222 1842 1396 1918 comedere
1427 1855 1537 1918 cibum
1562 1856 1674 1931 vilem,

25 1974 106 2020 cum
122 1970 279 2020 mensura
302 1957 374 2018 sine
397 1955 566 2028 anditate,
587 1955 661 2016 sine
682 1953 823 2028 deliciis,
879 1967 977 2030 quam
1009 1953 1082 2015 sine
1115 1953 1335 2016 delectatione
1362 1954 1555 2032 pretiosum.
1582 1954 1676 2017 Unde

25 2057 61 2118 et
74 2071 145 2118 non
158 2056 235 2117 anm
248 2055 378 2116 boram.
392 2055 473 2115 Cum
487 2052 739 2132 mensura,quia
753 2045 825 2113 'non
879 2049 993 2112 Helias
1005 2050 1146 2113 mmedii
1157 2065 1279 2128 penem
1287 2051 1321 2114 et
1336 2067 1470 2114 carnem
1480 2053 1553 2117 siae
1566 2054 1676 2131 culpa,

24 2153 187 2215 debemus
208 2152 391 2226 comedere,
408 2151 474 2213 nisi
487 2151 530 2212 ad
551 2149 825 2213 sustentationem
878 2146 975 2221 idest,
992 2148 1065 2210 sine
1079 2148 1254 2224 aviditai03
1270 2149 1303 2211 et
1311 2149 1400 2210 Esau
1412 2165 1472 2227 per
1483 2149 1677 2212 lenticulam

25 2251 190 2329 corporis,
207 2249 285 2328 quia
300 2249 422 2312 diffusa
436 2248 629 2311 commeatio
645 2249 754 2327 portat
766 2247 827 2309 im·
878 2243 1027 2308 vendidit
1051 2246 1273 2324 primogenita
1301 2263 1374 2320 sua,
1400 2247 1496 2321 idest,
1514 2247 1675 2310 honorem

24 2347 254 2427 pedimentum
269 2348 400 2426 corpori
412 2346 445 2409 et
456 2347 587 2420 animae,
602 2346 826 2424 quiapropter
880 2343 1188 2421 primogenitorum.
1199 2347 1287 2406 Esau
1297 2342 1465 2422 significat
1474 2345 1609 2421 gulosos
1621 2346 1678 2424 quii

26 2443 404 2508 nimiam'saturitatem
433 2445 529 2508 multi
558 2444 770 2506 infirmantur
793 2442 827 2506 at
878 2441 1027 2504 vendunt
1048 2442 1269 2521 primogenita
1293 2458 1354 2504 sua
1381 2457 1441 2520 per
1470 2442 1675 2518 lenticulam,

27 2544 133 2606 etiam
168 2543 367 2606 moriuntur.
403 2543 499 2605 Unde
532 2541 786 2605 Ecclesiasticus
815 2561 824 2601 ε
880 2539 959 2618 qaia
972 2538 1146 2616 negligunt
1155 2540 1317 2602 bonorem
1330 2541 1451 2603 animae
1467 2540 1500 2603 et
1513 2543 1677 2620 corporis,

26 2643 184 2717 Propter
192 2647 372 2717 mapsam
381 2642 483 2704 matti
493 2641 827 2717 perierantanian-
880 2638 917 2699 nt
939 2635 1147 2699 satisfaciant
1168 2638 1289 2700 venui.

28 2741 103 2801 tem
122 2741 296 2802 abstinens
319 2740 371 2802 est
393 2738 531 2813 adiiciet
553 2739 664 2802 eitam
684 2737 824 2819 (Decies.
921 2733 1000 2798 Sine
1013 2735 1163 2812 deliciis3
1179 2736 1257 2813 quia
1274 2735 1491 2814 reprehendit
1504 2735 1679 2816 Scriptura
1716 2743 1717 2746 ’

26 2853 170 2912 xxxva,
196 2835 262 2918 3⁴),
286 2837 389 2907 idest,
419 2835 595 2900 accrescet.
628 2835 722 2898 Unde
752 2835 826 2899 Joel
881 2832 1018 2895 delicias
1032 2834 1154 2906 carnis,
1169 2835 1257 2896 sicut
1277 2834 1329 2896 est
1348 2833 1384 2896 in
1403 2834 1504 2897 diuite
1522 2835 1579 2912 qui
1595 2849 1679 2914 epu-

28 2935 193 3014 propbeta
210 2957 217 2996 :
232 2935 450 3010 Sanctificate
465 2937 641 3010 jejuniam
667 2933 764 3014 (Joel.
787 2949 824 3009 11,
880 2929 1167 3008 labaturquotidie
1178 2931 1359 3010 splendide.
1371 2933 1445 2994 Non
1456 2933 1677 3010 antehoram3

28 3032 98 3113 15).
111 3033 280 3110 Jejunium
293 3033 502 3094 sanctificare
516 3032 567 3094 est
580 3048 655 3094 cum
669 3047 826 3095 mensura
881 3029 958 3106 quia
990 3029 1152 3092 Jonatbas
1185 3031 1242 3107 qui
1274 3030 1374 3092 soluit
1401 3031 1567 3108 jejunium
1601 3030 1681 3095 ante

28 3131 67 3192 et
87 3131 160 3191 sine
183 3129 340 3192 nuditate
366 3129 559 3206 comedere;
584 3130 734 3208 alioquin
759 3145 826 3192 non
880 3127 1010 3200 horam,
1027 3128 1157 3204 accepit
1179 3128 1378 3190 senientiam
1402 3127 1519 3191 mortis
1532 3145 1552 3190 a
1567 3129 1678 3193 Patre.

27 3229 83 3291 est
96 3227 431 3307 sanctumjejunium,
448 3228 506 3290 sed
520 3227 736 3290 immundum.
882 3225 994 3287 ltenu
1026 3229 1112 3288 Cum
1133 3227 1319 3299 jejunatis,
1349 3226 1453 3289 nante
1485 3228 1565 3300 neti
1590 3229 1681 3290 ment

71 3329 119 3388 De
144 3326 256 3388 anima
291 3325 370 3388 dicit
398 3325 596 3389 ieremias:
622 3341 642 3386 c
668 3325 828 3403 Princeps
857 3324 1067 3398 ¹tetrpocritnt
1094 3324 1223 3386 tristes.
1250 3323 1337 3386 cnm
1359 3325 1532 3398 inunctis
1533 3368 1593 3386 .....
1623 3325 1682 3390 est

28 3440 147 3487 eorum
164 3423 457 3487 destruxitmuros
480 3422 665 3486 Jerusalem
679 3440 709 3497 n,
728 3423 825 3495 idest,
858 3502 859 3506 Ἰ
877 3421 1043 3498 jejunium
1062 3421 1245 3498 corporale,
1263 3421 1304 3484 de
1318 3437 1383 3499 quc
1401 3425 1554 3495 :jejunio
1573 3425 1624 3484 bis
1642 3426 1681 3484 in

27 3523 173 3586 mmutes
193 3523 325 3584 animae.
350 3522 385 3583 Si
405 3521 493 3583 enim
512 3536 669 3582 mensura
694 3519 730 3582 in
753 3519 827 3583 cibo
881 3519 1098 3580 Sabatiailst
1112 3517 1296 3596 spirituale,
1305 3519 1346 3581 de
1358 3536 1424 3597 quo
1435 3519 1540 3580 isaias
1553 3523 1681 3582 :Nant-

29 3623 64 3684 et
97 3622 177 3700 potu
213 3637 281 3683 non
313 3620 463 3693 tenetur,
491 3619 556 3682 cito
589 3619 695 3682 virtus
726 3619 828 3681 casti-
881 3619 962 3692 auid
976 3616 1042 3679 tate
1057 3616 1396 3692 estjcjuninmpnod
1411 3620 1508 3694 eiepi,
1521 3618 1681 3695 amisere

28 3720 110 3782 tatis
125 3718 294 3797 polluitur.
312 3718 395 3799 Quia
407 3717 494 3780 sicut
506 3717 665 3779 Dominus
679 3733 740 3795 per
752 3719 829 3779 Dze·
858 3717 859 3728 ³
881 3715 1056 3776 bominem
1066 3729 1133 3790 pen
1146 3717 1239 3776 diem
1252 3717 1409 3777 animam
1421 3729 1534 3788 snam,
1550 3715 1586 3780 et
1599 3729 1681 3778 ecet-

28 3815 173 3877 cbielem
192 3814 240 3876 ait
255 3835 263 3874 :
279 3813 450 3888 inanitas
471 3815 627 3876 Sodoma
644 3813 712 3888 neit
725 3814 827 3875 satu-
884 3812 1046 3886 torpuere
1075 3815 1175 3888 qnasi
1196 3815 1365 3876 circatam
1386 3812 1491 3888 capiti
1511 3827 1626 3887 sunm,
1647 3815 1682 3875 ct

27 3912 122 3974 ritas
139 3913 246 3985 panis
265 3909 399 3990 (Ezech.
429 3925 500 3982 xer,
530 3909 596 3990 49).
621 3911 766 3972 Veniens
785 3911 827 3972 ad
880 3924 1020 3971 saccum
1038 3909 1072 3972 et
1096 3913 1253 3974 attinens
1269 3911 1429 3974 sternere
1451 3908 1680 3993 (ls.uv111,5).'

28 4024 93 4071 nos
119 4007 160 4070 de
184 4007 239 4070 via
265 4007 379 4070 noster
401 4007 544 4079 amicus,
569 4006 666 4080 idest,
689 4006 830 4085 quilibet
881 4009 1005 4070 Nonne
1018 4010 1080 4070 boc
1094 4009 1146 4069 est
1159 4009 1457 4084 mapisjeinniam
1470 4011 1559 4083 qnod
1573 4011 1682 4086 clepit

29 4121 215 4169 conversus
242 4104 424 4182 proximus,
449 4103 556 4167 tribus
582 4101 722 4181 panibus
749 4105 830 4167 reti—
881 4106 1035 4165 Dissoive
1049 4105 1261 4180 contentane
1283 4105 1481 4178 impictatis,
1498 4111 1590 4167 soloe
1603 4107 1680 4180 sas·-

29 4201 171 4266 ciendus
191 4204 251 4264 est.
276 4203 408 4264 Primus
423 4201 519 4280 panis
554 4202 607 4264 est
624 4201 828 4265 continentia
882 4203 1006 4263 etenim
1024 4199 1482 4282 noemenias...(1bid.)de
1501 4202 1681 4280 quostiam

28 4315 99 4380 qua
121 4299 334 4376 restringitur
362 4315 496 4377 corpus,
523 4315 566 4360 ne
590 4299 746 4377 deinceps
770 4314 830 4378 per
883 4299 1041 4362 Dominus
1061 4298 1157 4361 sitin
1175 4299 1355 4375 Evangelio
1375 4320 1382 4359 :
1399 4300 1681 4373 Gnmjejunatis,

28 4385 222 4461 mortiferas
237 4397 360 4460 defluat
373 4397 571 4474 voluptates.
595 4397 764 4458 Secundus
779 4401 830 4460 est
882 4396 986 4458 notite
1000 4397 1080 4470 aen
1099 4397 1189 4459 sicud
1205 4393 1393 4473 nimenta
1413 4396 1532 4460 tristes
1547 4394 1680 4477 (Metili.

29 4495 223 4567 humilitas,
257 4511 321 4572 qua
348 4493 534 4557 instituitur
563 4495 690 4568 anima,
715 4511 758 4558 ne
788 4495 830 4557 de
883 4511 928 4567 u,
944 4494 1007 4575 id).

29 4594 108 4670 ipsa
121 4592 326 4655 coutinentia
341 4591 520 4670 superbiat.
536 4593 669 4654 Tertius
688 4593 740 4655 est
761 4592 831 4655 ier·
923 4591 993 4654 Nec
1006 4591 1173 4656 immerito
1188 4591 1409 4669 quadraginta
1425 4592 1542 4654 diebus
1556 4593 1591 4654 et
1603 4609 1683 4671 qua·

27 4707 96 4752 vor
120 4684 292 4752 charitatis
329 4705 394 4768 quo
426 4689 618 4752 accenditur
640 4689 826 4768 utrumque,
884 4688 1037 4766 draginta
1058 4689 1222 4752 noctibus.
1245 4690 1302 4751 Est
1324 4691 1413 4752 enim
1430 4691 1502 4752 dics
1517 4691 1683 4765 temporis

28 4788 131 4860 idest,
148 4785 313 4865 corpuset
329 4787 451 4859 anima,
468 4785 505 4850 ut
519 4787 703 4850 castitatem
719 4789 831 4852 custo-
884 4788 925 4849 de
952 4802 1017 4866 quo
1045 4785 1168 4848 dicitur
1197 4807 1205 4848 ε
1236 4787 1427 4863 Appciiactt
1454 4793 1564 4850 iucem
1590 4791 1683 4851 diem

30 4886 107 4947 diat
137 4885 407 4962 perseverantem
441 4884 474 4946 et
507 4884 737 4948 humilitatem.
770 4885 829 4948 His
885 4883 980 4966 (Gen.
1005 4901 1030 4957 1,
1051 4882 1085 4963 5)
1109 4884 1143 4947 et
1164 4884 1407 4963 prosperitatis,
1436 4885 1478 4948 de
1501 4902 1567 4964 quo
1589 4901 1684 4963 :per

30 4982 142 5045 tribus
154 4982 345 5055 virtutibus,
361 4981 458 5055 idest,
475 4983 637 5056 assate,
654 4983 829 5058 charitate,
884 4987 975 5045 diens
993 4988 1043 5046 sot
1056 4997 1126 5044 non
1139 4984 1220 5045 ncet
1244 4983 1278 5045 tc
1300 4981 1370 5063 (Ps.
1385 4985 1454 5057 120,
1470 4982 1516 5065 6).
1532 4984 1573 5048 Et
1593 4988 1685 5047 Pau-

29 5083 69 5142 et
89 5080 275 5142 humilitate
299 5081 455 5159 anquam
475 5079 582 5142 tribus
597 5081 738 5160 panibus
751 5081 832 5144 reii-
884 5083 937 5144 lus
969 5103 977 5143 ε
1011 5083 1108 5145 Sient
1137 5085 1175 5144 in
1209 5083 1264 5145 die
1298 5085 1439 5147 noneste
1470 5085 1684 5146 ambutemus

30 5178 123 5240 citur
134 5177 233 5240 homo
253 5177 366 5252 Dei,et
384 5176 561 5241 roboratur
578 5178 629 5247 ut,
650 5179 831 5242 secundum
887 5179 996 5260 (Rom.
1019 5195 1099 5254 1111,
1128 5178 1181 5261 13)
1205 5181 1238 5242 et
1259 5181 1456 5243 aeternitatis
1477 5181 1518 5242 dc
1540 5196 1604 5258 quo
1625 5181 1682 5244 di-

29 5273 284 5352 Apostolumin
300 5275 353 5336 die
369 5276 532 5353 adventus
547 5276 679 5339 Domini
700 5277 745 5340 sit
762 5277 833 5356 spi·-
886 5279 1000 5340 citur:
1023 5283 1067 5340 ln
1084 5281 1139 5340 die
1161 5281 1219 5341 iiia
1254 5293 1324 5340 non
1345 5277 1605 5354 interropabttts
1627 5295 1684 5342 nnc

31 5373 122 5435 ritus
136 5372 266 5450 integer
278 5372 433 5435 etanima
447 5375 481 5436 et
494 5389 644 5450 corpore.
886 5379 1072 5452 quidquam
1099 5373 1209 5454 (ioan.
1233 5391 1302 5448 xvi,
1323 5374 1389 5454 23).
1414 5375 1472 5437 Est
1492 5376 1592 5438 etiam
1615 5393 1684 5438 nox

76 5469 237 5547 Spiritum
253 5473 365 5533 autem
378 5487 472 5540 uoco,
488 5470 583 5543 idest,
600 5471 742 5548 gratiam
758 5488 832 5550 quse
885 5473 1055 5552 temporis,
1070 5473 1110 5534 de
1130 5489 1196 5551 qua
1210 5473 1243 5534 et
1254 5473 1400 5535 tenebris
1416 5475 1516 5536 discit
1531 5474 1683 5546 noctem;

26 5569 130 5648 juxta
154 5567 306 5631 eumdem
328 5569 522 5648 Apostolum
536 5567 672 5648 adiuvat
685 5569 831 5632 infirmi·
887 5571 920 5634 et
934 5569 1147 5633 adversitatis
1162 5571 1203 5632 de
1218 5586 1294 5648 qua,
1309 5586 1416 5649 nequae
1430 5577 1511 5634 tuna
1521 5587 1590 5645 per
1602 5585 1684 5633 noc-

30 5667 137 5730 tatem
164 5668 323 5742 nostram,
349 5681 391 5728 ne
414 5666 617 5743 deficiamus,
643 5667 747 5732 donec
771 5685 832 5732 suo
889 5670 958 5733 tem
984 5667 1053 5750 (Ps.
1078 5670 1148 5747 120,
1168 5666 1215 5751 6),
1237 5669 1271 5732 et
1293 5669 1448 5749 pectoris,
1469 5668 1597 5731 scilicet
1617 5668 1684 5729 rni-
