3984 6292
75 289 142 351 515
236 313 239 318 ·

116 442 332 524 Raymundus
339 442 430 506 Petri
440 457 500 520 pro
510 440 580 504 1010
589 439 681 502 terra
694 441 795 510 sua,2
806 454 873 504 ma·

75 545 260 607 rabutinos.

116 647 164 706 De
179 641 351 718 agnarico,
362 640 382 702 3
394 637 632 701 marabutinos.

117 741 299 818 Episcopus
321 737 578 814 Magalonensis,
604 737 644 796 20
665 749 794 796 marcas
812 749 872 796 ar-

74 840 237 917 00011000
244 837 403 898 00011010
414 835 583 912 Mergorii,
597 834 667 896 sive
682 832 874 896 Montisler-

74 937 190 1010 randi,
207 952 304 1014 quem
326 935 478 997 dominus
490 937 583 1011 Papa
600 933 811 996 Innocentius
827 933 873 992 III

72 1035 231 1097 Pontifex
245 1031 426 1094 infandum
441 1031 505 1093 sibi
517 1031 691 1094 concessit.

113 1133 204 1194 Villa
218 1129 532 1208 Montisposulani,2
543 1144 673 1191 marcas
684 1128 770 1200 auri,
779 1126 874 1189 vide-

71 1232 223 1292 11001000
235 1229 474 1292 marabutinos.

112 1329 263 1390 Ecclesia
280 1328 392 1390 Sancti
407 1321 874 1402 PetriMagalonensis,30bc-

70 1429 123 1489 los
144 1443 278 1489 aureos.
294 1428 334 1488 Et
353 1425 441 1487 iacta
464 1426 515 1486 est
536 1423 702 1486 censualis
725 1423 873 1500 tempore

71 1524 228 1601 Gregorii
250 1527 295 1586 IX
314 1527 413 1601 Papae
436 1537 495 1600 pro
522 1521 773 1584 confirmatione
795 1537 874 1598 pos-

71 1624 264 1686 sessionum
279 1623 312 1684 et
327 1619 544 1684 ecclesiarum
562 1621 831 1682 suarum.Acldtt.

114 1724 154 1782 ln
168 1721 360 1799 episcopatu
375 1718 606 1782 Nemausensi.

112 1822 153 1880 in
167 1817 359 1896 episcopatu
374 1817 540 1879 Uticensi:
557 1815 745 1878 Willelmus
757 1815 874 1878 Desine

70 1933 133 1994 pro
163 1933 214 1987 eo,
239 1915 325 1994 quod
352 1917 502 1978 Romana
529 1913 678 1976 Ecclesia
710 1911 811 1976 babet
837 1913 872 1975 in

69 2029 203 2085 manso,
216 2013 342 2076 debet2
356 2012 571 2076 melechinos.

112 2111 356 2174 Monasterium
378 2111 508 2172 Sanctae
531 2109 647 2172 Maria
662 2108 871 2180 Valissalvae,

70 2225 179 2270 unum
193 2209 323 2271 obolum
336 2224 475 2270 aureum
486 2208 626 2284 singulis
642 2209 749 2272 annis.

111 2308 275 2370 Dominus
302 2306 403 2368 castri
423 2306 463 2368 de
477 2304 678 2380 Viridiiolio,
694 2306 727 2366 et
747 2303 874 2366 medie-

68 2405 153 2466 tatis
164 2405 265 2466 castri
280 2404 320 2466 de
331 2404 570 2477 Petrasadulla,
588 2420 648 2481 pro
661 2402 874 2475 eisdem,sin·

69 2504 164 2579 gulis
177 2503 274 2563 annis
289 2518 391 2562 unum
402 2517 551 2563 aureum.

111 2603 154 2660 In
168 2601 361 2677 episcopatu
373 2600 529 2661 Elnensi:
547 2599 785 2662 Monasterium
792 2601 873 2662 Aru·

69 2699 181 2770 leuse,
196 2713 298 2758 unum
311 2696 567 2759 marabutinum.

110 2797 353 2858 Monasterium
365 2797 477 2858 Sancti
488 2795 625 2857 Martini
633 2795 675 2858 de
685 2795 870 2868 Canicovis,

69 2909 179 2953 unum
191 2893 423 2956 melechinum.

111 2991 355 3054 Monasterium
370 2992 499 3054 Sanctae
514 2991 631 3054 Mariae
650 2991 690 3054 de
704 2993 836 3071 Campo,
852 2994 873 3054 2

67 3090 210 3152 solidos.

342 3283 611 3344 HISPANIA.

112 3487 151 3544 Ιο
167 3484 454 3563 archiepiscopatu
468 3485 692 3548 Taraconensi
709 3507 716 3546 ε
732 3485 874 3548 Anchie-

68 3583 230 3658 piscopus
252 3585 492 3645 Taraconensis
519 3583 616 3646 debet
642 3599 702 3661 pro
730 3585 873 3661 quodam

67 3680 201 3758 praedio
216 3681 256 3742 de
268 3680 484 3753 Villasranoa‚
496 3683 582 3759 quod
596 3681 658 3743 luit
671 3680 871 3754 carbonelli,

66 3781 104 3840 et
124 3779 178 3839 est
191 3779 226 3838 in
239 3777 374 3841 dioecesi
390 3778 641 3850 barcinonensi,
655 3781 675 3842 3
689 3779 874 3842 marabuti-

66 3893 132 3938 nos
148 3875 236 3936 auri.

110 3977 151 4036 In
168 3973 605 4052 episcopatuBarcinonensi
617 3976 872 4040 :Monasterium

68 4072 188 4133 Sancti
205 4072 311 4144 Pauli,
329 4089 430 4133 unum
446 4073 701 4135 marabotinum.

110 4172 231 4230 Comes
256 4170 512 4232 Barcinonensis
538 4171 578 4232 de
598 4171 667 4233 tota
684 4173 775 4232 terra
797 4187 869 4244 sua,

68 4264 162 4323 siout
184 4264 373 4326 continetur
389 4266 425 4325 10
446 4265 589 4342 registro
612 4265 738 4327 Urbani
759 4269 870 4344 Papae,

68 4361 217 4437 singulis
230 4362 476 4439 quinquenniis,
493 4365 533 4442 20
547 4363 651 4425 111000
665 4363 795 4439 argenti
809 4381 872 4441 pu-

66 4457 211 4520 nissimi.

111 4556 283 4618 (lanonica
306 4559 418 4620 Sancti
432 4559 599 4622 Vincentii
613 4559 654 4621 de
671 4557 869 4632 petrabona,

69 4656 111 4714 12
127 4654 283 4716 denarios
300 4655 570 4719 barcinonenses.
586 4657 649 4718 Sed
664 4672 731 4719 non
741 4657 873 4718 inveni-

67 4755 128 4814 tur
141 4753 176 4812 in
191 4752 254 4813 isto
268 4753 470 4831 episcopatu.

112 4849 266 4911 Ecclesia
281 4851 393 4912 Sancti
415 4851 506 4913 Petri
520 4853 721 4925 Puellarum,
737 4852 872 4914 tertiam

68 4946 203 5024 partem
216 4947 341 5010 fructus
357 4948 482 5022 allodii,
500 4949 534 5009 in
551 4950 692 5026 quesita
708 4951 759 5012 est
775 4971 782 5010 ε
800 4967 873 5029 quae

68 5044 587 5138 aestimataest3marabutin0s
706 5120 711 5131 Ι
857 5045 860 5050 '

113 5142 266 5204 Ecclesia
293 5145 406 5205 Sancti
430 5145 568 5207 Antonii
595 5144 872 5217 Barcinonensis,

67 5255 177 5300 unam
200 5239 319 5302 libram
346 5259 443 5303 cerae.
460 5243 500 5305 Et
523 5241 611 5304 iacta
634 5243 685 5305 est
706 5243 874 5304 censualis

68 5354 163 5398 anno
193 5339 291 5402 tertio
327 5339 452 5402 domini
480 5341 665 5402 innocentii
691 5343 790 5417 Papae
818 5343 871 5414 IV,

68 5452 189 5498 mense
200 5437 300 5498 iulio.
314 5439 607 5500 Addilnucnlum.

112 5535 875 5614 110000080001100000110000100010,1200-

69 5633 188 5695 narios
202 5633 455 5710 melgurienses.

215 5803 331 5848 aarum.
352 5804 425 5849 roua
439 5793 459 5849 l-

735 280 859 342 aisan
882 279 1094 360 0000000.

1669 289 1727 349 516

968 443 1005 504 10
1016 441 1208 520 0010000010
1219 443 1424 506 Gerondensi
1437 467 1444 505 :
1456 445 1604 508 Ecclesia
1614 448 1727 512 Sancti

926 540 1089 604 iohannis
1105 540 1354 618 Rivipollensis,
1370 543 1390 604 3
1404 543 1645 636 marabutinos.

967 637 1206 700 Monasterium
1227 639 1342 701 Sancti
1360 639 1451 702 Petri
1469 640 1725 717 Bisissldunensis,

927 735 1497 814 500110οο000010001000100010.
1811 799 1816 804 .

966 831 1205 898 Monasterium
1219 835 1333 896 Sancti
1345 835 1435 896 Petri
1446 835 1486 897 de
1497 835 1610 909 Redis,
1624 838 1727 899 300-

927 929 1112 992 rabutinos.

967 1027 1207 1090 Monasterium
1219 1029 1424 1092 arelatense.

967 1125 1207 1190 Monasterium
1234 1129 1348 1189 Sancti
1372 1127 1493 1190 Felicis
1517 1130 1558 1191 de
1587 1131 1722 1202 Cadino,

926 1225 947 1297 3
961 1223 1116 1286 denarios
1128 1224 1363 1302 melgoriensis
1379 1229 1530 1290 monetae.

966 1322 1206 1385 Monasterium
1227 1326 1356 1388 Sanctae
1378 1325 1494 1388 Mariae
1507 1326 1723 1400 Amaniensis,

927 1437 1031 1481 unum
1043 1421 1299 1484 marabutinum.

967 1519 1205 1582 Monasterium
1248 1522 1281 1582 S.
1326 1520 1446 1583 Felicis
1488 1523 1740 1594 Vissolvensis,¹

928 1632 1030 1680 unum
1044 1616 1178 1680 obolum
1192 1619 1476 1682 massamutinum.

967 1817 1725 1892 Ρο10110010100000Ηο001110.-10000100

927 1911 1059 1974 Domini
1083 1913 1188 1974 nostri
1211 1914 1291 1975 Jesu
1317 1913 1450 1974 Christi.
1477 1916 1567 1977 Inter
1591 1916 1723 1989 caetera,

928 2025 1001 2086 000
1019 2009 1146 2086 regiam
1168 2010 1373 2088 majestatem
1388 2011 1546 2074 decorare
1559 2013 1722 2086 videntur,

927 2123 1055 2170 summa
1075 2107 1108 2170 et
1121 2109 1290 2185 praecipua
1308 2109 1415 2171 virtus
1432 2111 1493 2181 est,
1508 2110 1623 2173 sancta
1637 2111 1723 2183 loca,

927 2221 967 2268 ac
981 2205 1156 2282 religiosas
1177 2222 1337 2283 personas
1352 2205 1492 2283 diligere
1507 2208 1541 2270 01
1557 2209 1724 2282 uenerari,

928 2303 961 2366 01
970 2319 1027 2369 eas
1038 2303 1141 2380 largis
1150 2304 1258 2366 ditare
1268 2305 1472 2379 muneribus,
1482 2306 1581 2384 atque
1591 2306 1627 2367 in
1637 2322 1727 2383 prae-

927 2400 991 2462 diis
1013 2403 1046 2464 01
1070 2402 1335 2479 possessionibus
1360 2403 1532 2480 ampliare,
1558 2404 1594 2466 ut
1617 2403 1725 2466 dando

926 2499 1070 2572 terrena,
1082 2500 1223 2578 imperia
1235 2499 1375 2577 adipisci
1387 2501 1577 2562 mereantur
1587 2502 1724 2564 aeterna.

927 2598 1109 2675 Eapropter
1123 2612 1184 2674 ego
1203 2596 1409 2670 Eernandus,
1431 2599 1491 2659 Dei
1505 2599 1625 2674 gratia,
1644 2599 1725 2660 llis-
1828 2629 1829 2632 ¹

927 2711 1102 2774 paniarum
1116 2711 1189 2768 rex,
1210 2709 1277 2758 una
1301 2710 1375 2758 cum
1390 2711 1496 2758 uxore
1519 2711 1593 2758 mea
1607 2712 1725 2772 regina
1833 2741 1836 2746 -

927 2795 1037 2856 donna
1068 2793 1225 2866 Viraoba,
1259 2808 1319 2870 per
1347 2793 1507 2871 scriptum
1535 2794 1725 2856 donationis

927 2891 1165 2963 firmissimum,
1180 2891 1215 2952 in
1227 2887 1424 2970 perpetuum
1434 2891 1625 2964 valiturum,
1638 2890 1724 2954 dono

927 2993 994 3052 Deo
1010 2989 1043 3052 01
1059 2989 1179 3052 Sancto
1194 2991 1304 3062 Petr0,
1319 2988 1352 3050 et
1367 2988 1462 3050 robis
1476 2988 1597 3051 dilecto
1611 2991 1725 3052 nostro

927 3087 1091 3150 cardinali
1114 3086 1247 3149 domino
1275 3086 1474 3164 Hiacyntho,
1504 3087 1539 3148 10
1562 3087 1725 3164 Hispania

926 3185 1047 3263 legate,
1064 3185 1209 3248 castrum
1220 3183 1342 3276 Taras:
1359 3184 1392 3246 01
1407 3201 1468 3262 per
1481 3185 1652 3264 proprium
1664 3200 1726 3246 an-

928 3285 1043 3346 nulum
1063 3283 1214 3347 rasindo
1235 3279 1396 3358 investi03
1419 3284 1454 3345 ut
1475 3283 1517 3345 ab
1534 3283 1598 3345 bac
1612 3283 1677 3356 die,
1694 3283 1726 3345 01

928 3382 1083 3459 deinceps
1104 3380 1279 3458 praelatum
1304 3381 1449 3442 castrum
1475 3379 1626 3442 babeatis
1650 3397 1725 3444 cum

927 3480 1043 3556 pratis,
1069 3478 1214 3557 pascuis,
1242 3477 1420 3548 montibus,
1445 3477 1603 3551 fontibus,
1620 3470 1723 3550 rivis,

927 3576 1137 3647 molendinis,
1170 3575 1356 3648 arboribus,
1385 3574 1487 3648 villis,
1523 3577 1556 3638 et
1587 3575 1723 3648 azeniis,

927 3674 1092 3753 piscariis,
1113 3675 1147 3737 01
1163 3690 1239 3737 cum
1255 3673 1407 3736 omnibus
1422 3673 1558 3735 directis
1574 3674 1608 3736 et
1621 3673 1727 3750 perti-

928 3773 1051 3835 nentiis
1073 3773 1153 3846 suis,
1178 3773 1211 3835 01
1236 3772 1425 3834 cumomni
1446 3774 1522 3850 jure
1545 3771 1663 3847 regali.
1687 3771 1727 3832 Et

927 3871 1136 3949 possideatis,
1159 3869 1322 3943 vendatis,
1343 3869 1487 3942 donetis,
1505 3869 1723 3940 commutetis,

928 3971 960 4032 et
972 3985 1102 4032 omnem
1119 3968 1264 4032 vestram
1276 3966 1481 4031 voluntatem
1496 3967 1637 4038 faciatis,
1648 3969 1726 4043 jure

927 4067 1139 4128 haereditario
1157 4066 1193 4126 in
1205 4065 1400 4142 perpetuum
1417 4063 1604 4125 habendum
1619 4062 1724 4134 vobis,

927 4167 961 4228 et
982 4163 1140 4226 Ecclesiae
1162 4166 1320 4226 Romanae
1342 4162 1428 4223 dono
1449 4160 1481 4221 et
1502 4160 1646 4222 concedo
1667 4175 1727 4237 pro

926 4263 1073 4325 remedio
1088 4262 1210 4323 animae
1227 4276 1308 4322 meae
1324 4259 1357 4321 et
1371 4259 1545 4335 parentum
1564 4273 1725 4331 meorum,

927 4362 960 4424 et
983 4377 1044 4438 pro
1066 4375 1180 4422 amore
1204 4359 1237 4421 01
1260 4356 1450 4429 dilectione,
1475 4371 1574 4432 quam
1598 4369 1729 4432 semper
1815 4439 1817 4442 Ι

928 4475 1007 4536 erga
1023 4442 1075 4520 me
1089 4456 1265 4519 habuistis.

967 4557 1104 4619 Factum
1125 4555 1188 4617 luit
1210 4555 1274 4616 hoc
1298 4553 1385 4631 apud
1410 4556 1581 4615 zamoram
1603 4553 1639 4614 in
1661 4554 1727 4614 Ca-

928 4671 1032 4727 mere,
1049 4654 1084 4716 10
1100 4670 1165 4732 qua
1176 4653 1329 4714 dominus
1342 4652 1522 4714 cardinalis
1531 4651 1675 4730 jacebat.
1689 4651 1729 4712 Et

928 4755 991 4815 boc
1007 4753 1043 4814 in
1064 4752 1243 4829 praesentia
1265 4750 1432 4828 praedictae
1451 4749 1569 4810 donnae
1589 4748 1726 4824 reginae,

927 4850 1071 4913 Bobonis
1085 4848 1198 4911 fratris
1218 4848 1340 4910 domini
1354 4847 1547 4919 cardinalis,
1561 4845 1728 4909 Ramundi

929 4949 1128 5025 decapolis,
1152 4948 1280 5009 Sanctae
1300 4948 1458 5009 Romanae
1476 4944 1633 5008 Ecclesiae
1649 4944 1722 5005 sub

928 5045 1075 5119 diaconi,
1093 5044 1280 5130 Maibrandi
1284 5089 1358 5106 ......

969 5145 1004 5206 Si
1021 5145 1094 5221 quis
1109 5144 1214 5220 igitur
1238 5144 1305 5205 tam
1320 5143 1361 5204 de
1385 5159 1458 5204 meo
1472 5158 1606 5218 genere,
1631 5157 1731 5218 quam

929 5243 969 5304 de
992 5243 1115 5312 alieno,
1141 5241 1204 5304 boo
1230 5255 1340 5302 meum
1365 5243 1584 5318 spontaneum
1608 5239 1732 5301 iactum

928 5343 1114 5417 irrumpere
1133 5339 1397 5417 praesumpserit,
1413 5319 1499 5400 iram
1518 5337 1731 5415 omnipoten-

928 5441 970 5504 tis
985 5439 1056 5511 Dei,
1078 5439 1111 5499 et
1134 5437 1222 5500 beati
1238 5437 1330 5499 Petri
1353 5434 1504 5512 Apostoli
1518 5435 1680 5503 incurrat,
1697 5432 1731 5492 et

929 5555 1004 5600 cum
1018 5537 1115 5609 Juda,
1139 5535 1271 5596 Domini
1286 5532 1465 5612 proditore,
1480 5534 1516 5594 10
1539 5531 1672 5593 inferno
1688 5528 1731 5588 sit

929 5635 1119 5709 damnatus3
1135 5633 1236 5710 cipro
1246 5631 1424 5694 temerario
1435 5645 1518 5693 ausu
1531 5627 1617 5705 parti
1628 5624 1730 5704 regiae

1556 5785 1589 5842 la
