4004 6302
335 383 396 448 699
799 375 975 441 HONORII
997 377 1042 438 Ill
1064 373 1212 438 OPERA.
1229 399 1267 418 ···
1283 374 1515 440 SERMONES·
1908 390 1956 451 700

335 551 405 613 tres
429 555 579 621 personae
597 536 719 600 :Pater
745 536 778 600 et
803 536 908 599 Filius
932 537 966 599 et
986 529 1128 616 Spiritus
1183 533 1309 598 tentiis.
1340 533 1434 599 Unde
1447 535 1554 600 Dauid
1572 556 1582 598 ι
1599 539 1718 601 Dtieet
1737 541 1889 608 mandata
1907 549 1955 614 tua

337 641 489 714 Sanctus,
502 639 558 717 qui
574 639 651 698 sunt
665 651 750 697 unus
761 637 861 708 Deus,
877 651 964 696 unsis
980 635 1127 707 Creator,
1182 647 1289 708 saper
1313 648 1440 696 aarum
1462 636 1495 698 et
1518 636 1684 711 topazion
1707 634 1774 716 (Ps.
1800 641 1863 710 118,
1884 646 1952 726 127).

336 757 422 802 unus
447 736 770 813 Omnipotens,unus
791 735 986 794 AEternus...
1014 733 1053 794 nt
1073 733 1128 810 qui
1183 731 1273 792 Thus
1299 730 1421 793 dicitur
1454 731 1596 796 verbum
1626 735 1866 811 consolationis,
1892 745 1953 819 quia

335 839 402 900 tres
418 834 495 898 sunt
508 848 621 906 unum,
639 847 705 893 una
718 831 874 903 essentia,
902 831 935 891 θῖ
947 846 1032 890 unus
1049 831 1128 906 Spi—
1183 828 1270 891 sicut
1283 827 1360 891 thus
1376 829 1487 892 odoris
1511 831 1682 894 suavitate
1704 833 1859 896 confortat
1878 854 1954 902 care-

334 935 438 1010 ritus3
464 933 497 997 et
521 932 631 993 tamen
656 929 882 1006 unusquisque
906 929 956 991 θεῖ
979 927 1126 1004 spiritus.
1182 926 1290 998 hrum,
1313 925 1361 988 ita
1389 928 1527 990 uerbum
1550 929 1790 992 consolationis
1818 935 1954 1000 coufortat

334 1031 459 1093 Hocest
471 1029 651 1090 maximum
660 1027 869 1105 privilegium
879 1026 913 1087 in
922 1027 1128 1088 sacramento
1183 1025 1339 1088 animam.
1360 1026 1453 1088 Unde
1477 1026 1615 1088 isaias:
1641 1030 1836 1103 Corisortate
1852 1048 1954 1098 manin

334 1129 517 1200 Trinitatis,
535 1125 622 1204 quod
645 1125 679 1186 in
695 1124 796 1185 nullis
813 1123 889 1185 aliis
907 1123 1006 1184 rebus
1027 1138 1127 1200 repe·
1182 1124 1382 1196 dissolatas,
1411 1126 1458 1186 'et
1499 1141 1617 1202 penna
1659 1128 1781 1188 debitia
1822 1132 1956 1192 roborate

332 1227 419 1288 ritur
440 1223 578 1295 scilicet,
615 1222 702 1299 quod
726 1221 804 1283 sunt
827 1221 895 1282 tres
920 1235 1071 1297 persone
1096 1221 1128 1282 et
1184 1217 1241 1298 (is.
1258 1235 1365 1295 xxxv,
1379 1220 1424 1301 3).
1441 1223 1582 1300 Myrrha
1603 1221 1728 1284 dicitur
1750 1223 1876 1284 verbum
1894 1243 1955 1288 cor·

334 1340 400 1385 una
414 1321 569 1384 essentia.
1182 1318 1352 1392 rectionis,
1369 1320 1446 1397 quia
1462 1321 1548 1381 sicut
1567 1319 1708 1397 myrrha
1723 1321 1887 1383 mortiticat
1898 1340 1955 1384 rcr-

372 1421 547 1482 Dementia
561 1419 640 1480 radi
654 1433 665 1477 .·
680 1415 794 1490 Ruhus
813 1414 863 1477 est
883 1416 985 1492 Virgo
1007 1415 1126 1488 Maria,
1182 1429 1262 1486 mes,
1290 1415 1337 1476 iia
1367 1415 1505 1478 verbum
1535 1415 1756 1478 correctionis
1784 1419 1955 1482 exterminat

334 1534 409 1596 quae
430 1517 514 1578 hene
536 1515 658 1577 dicitur
682 1513 795 1586 rubus
822 1527 895 1590 quae
920 1513 969 1574 θεῖ
992 1513 1127 1574 humilis
1181 1510 1318 1573 vitiosos
1346 1529 1467 1574 mores.
1491 1517 1537 1576 De
1567 1513 1678 1591 primo
1700 1512 1952 1576 Ecclesiasticus:

333 1614 444 1678 arhor.
459 1613 553 1675 Unde
572 1613 743 1674 humiliter
764 1611 941 1688 significat,
956 1627 1029 1690 quae
1042 1610 1126 1671 nihil
1182 1611 1432 1672 Ornamentum
1458 1627 1610 1674 auream
1635 1612 1803 1686 prudenti
1822 1615 1954 1675 doctrina

332 1711 493 1774 humilius
507 1709 547 1772 de
563 1725 599 1772 se
623 1709 734 1771 dicere
748 1709 855 1786 potuit
871 1725 878 1764 ε
897 1713 984 1771 Ecce
1005 1712 1127 1771 anciila
1181 1708 1234 1768 est
1251 1705 1352 1786 (Eccl.
1369 1724 1441 1782 xx1,
1461 1706 1528 1787 24).
1551 1711 1601 1770 De
1626 1707 1772 1770 secundo
1797 1709 1951 1773 Salomon:

330 1813 480 1881 Domini,
493 1805 653 1888 statimiiii
666 1809 1007 1868 semiadnmeerham
1029 1808 1126 1868 triam
1180 1807 1287 1866 Bonis
1315 1810 1432 1868 amici
1448 1811 1602 1869 consiliis
1635 1809 1756 1868 areima
1780 1809 1954 1869 dtiicoratar

332 1905 426 1987 (Luc.
448 1921 473 1977 r,
492 1905 558 1983 38).
585 1905 625 1967 Εῖ
649 1905 725 1966 ideo
748 1904 855 1966 voluit
878 1919 951 1964 eam
982 1904 1126 1980 figurare
1182 1899 1543 1984 (Prov.xxv11,9).1)e
1563 1903 1667 1966 tertio
1689 1903 1860 1980 Apostolus
1876 1909 1951 1966 :Ro-

331 2019 391 2081 per
406 2003 540 2064 cedrum
555 2018 628 2080 quae
651 1999 817 2078 significat
838 1999 989 2080 potentes
1013 2001 1045 2062 et
1063 2017 1125 2060 su·
1179 2015 1383 2076 pamnsaos,
1396 2003 1561 2078 corripite
1574 2003 1759 2077 inquietos.
1776 1999 1951 2080 (liliosas,

331 2100 463 2178 perhos.
479 2101 625 2162 Medium
637 2097 712 2161 ruhi
727 2099 777 2160 est
795 2101 908 2160 uterus
923 2097 1069 2173 Virginis
1086 2096 1125 2159 de
1181 2097 1246 2171 it.)

286 2239 288 2244 ,
331 2213 395 2274 quo
422 2195 589 2260 nascendo
622 2195 782 2258 Dominus
813 2197 846 2256 et
878 2194 976 2256 homo
1008 2195 1122 2268 exivit,
1218 2195 1407 2257 Thesaurus
1426 2197 1542 2273 gloriae
1564 2197 1617 2259 est
1636 2197 1763 2258 aeterna
1778 2211 1950 2257 remunera-

328 2297 488 2372 tanquam
523 2309 665 2371 sponsus
697 2291 881 2370 procedens
907 2293 948 2354 de
975 2292 1123 2355 thalamo
1179 2291 1226 2354 iio
1240 2294 1276 2354 in
1296 2294 1390 2355 coelo.
1414 2294 1506 2356 Unde
1528 2295 1692 2357 Dominus
1712 2295 1747 2355 in
1769 2294 1949 2370 Evangelio:

330 2409 402 2454 suo.
418 2393 511 2454 Unde
532 2390 635 2452 ruhus
655 2391 792 2452 ardebat
813 2391 846 2452 et
866 2406 933 2452 non
948 2390 1124 2452 combure·
1178 2391 1296 2453 Facite
1330 2395 1424 2454 vohis
1450 2397 1602 2454 soccatos
1631 2395 1692 2468 qni
1726 2405 1794 2452 non
1815 2391 1949 2451 ceteras·

328 2487 438 2552 hatur.
462 2489 628 2562 Ardebat,
645 2489 723 2566 quia
749 2487 790 2550 de
811 2489 905 2550 utero
929 2491 1000 2567 ejus
1027 2491 1123 2550 natus
1178 2490 1275 2562 cant,
1294 2491 1495 2552 thesaamim
1514 2505 1583 2551 non
1602 2490 1816 2563 deficientem
1833 2491 1865 2548 tn
1885 2492 1949 2548 caio

328 2587 379 2650 θεῖ
392 2587 558 2662 Christus3
575 2601 644 2648 non
655 2587 927 2658 comburebatur,
936 2586 1014 2665 quia
1022 2585 1123 2664 Virgo
1178 2583 1272 2666 (Luc.
1295 2603 1356 2660 xn,
1377 2585 1442 2666 33).
1463 2590 1509 2649 De
1531 2587 1595 2648 hoc
1619 2588 1779 2648 thesauro
1803 2585 1946 2646 oderimus

328 2686 405 2747 ente
432 2685 574 2762 partum,
605 2683 706 2760 Virgo
735 2685 810 2762 post
839 2684 982 2761 partum.
1009 2685 1049 2746 nt
1077 2685 1125 2746 ait
1179 2683 1215 2744 in
1235 2683 1346 2746 lutura
1361 2685 1639 2758 saeculoanrnm,
1654 2684 1750 2756 idest,
1767 2683 1946 2761 splendorem

328 2785 460 2860 Moyses
478 2803 485 2843 :
501 2785 561 2844 Joo
572 2782 606 2844 et
618 2785 735 2844 videbo
749 2785 918 2844 visionem
938 2787 1025 2846 hanc
1047 2798 1125 2844 ma
1178 2783 1283 2844 nostri
1297 2783 1458 2860 corporis.
1475 2783 1568 2846 Unde
1583 2784 1746 2846 Dominus
1763 2799 1770 2837 :
1785 2779 1948 2857 Didpeimi

326 2896 433 2958 priam
453 2879 696 2960 (Exod.111,3).
713 2882 834 2956 Magna
854 2881 886 2942 et
903 2881 1053 2942 miranda
1074 2882 1124 2944 θεῖ
1170 2882 1261 2953 justi
1290 2883 1379 2943 sicat
1413 2887 1463 2944 soi
1494 2885 1532 2942 in
1565 2897 1677 2960 reano
1704 2881 1824 2943 Patris
1850 2891 1947 2939 corun:

327 2978 386 3039 illa
401 2978 498 3051 visio,
522 2977 607 3056 quod
629 2979 731 3054 Virgo
754 2978 919 3055 concipiat
943 2979 976 3040 ct
996 2979 1120 3056 pariat3
1178 2976 1309 3050 thatin.
1330 2995 1404 3051 xnr,
1426 2977 1492 3058 43).
1517 2983 1615 3052 Titus,
1641 2979 1728 3041 idest
1749 2975 1871 3038 laudern
1887 2973 1946 3034 odo·
1975 3027 1976 3060 ,

327 3075 361 3138 et
374 3076 460 3153 quod
474 3077 542 3138 tres
557 3075 733 3148 sintunus
750 3076 783 3138 θῖ
799 3091 884 3135 unus
898 3077 977 3136 tres
997 3076 1120 3147 Quasi:
1176 3073 1235 3136 ris.
1268 3075 1361 3138 Unde
1387 3077 1491 3137 David
1518 3099 1525 3136 :
1552 3077 1756 3139 Gattaetnmt
1779 3076 1861 3136 ditia
1885 3085 1945 3132 mea
1975 3079 1976 3166 ἐ

327 3175 407 3236 Non
420 3176 563 3235 manebo
578 3177 616 3234 in
626 3174 888 3248 posterioritas,
903 3177 964 3234 sed
985 3186 1123 3248 semper
1176 3173 1257 3231 ditm
1276 3171 1420 3232 cantatio
1442 3173 1502 3232 tihi
1524 3169 1594 3251 (Ps.
1611 3175 1663 3244 70,
1687 3171 1751 3244 23).
1777 3171 1943 3242 Myrrham,
1975 3169 1976 3198 1

327 3272 372 3331 ad
385 3271 556 3332 interiora
567 3283 623 3331 me
637 3271 834 3332 estendam.
847 3269 959 3330 Ethoc
973 3270 1024 3330 est
1035 3269 1121 3347 quod
1176 3265 1270 3340 idest,
1291 3268 1571 3331 immortalitatem
1594 3269 1719 3330 carnis.
1744 3267 1834 3329 Unde
1853 3268 1941 3340 Apos-

327 3367 492 3429 mirantur
505 3366 646 3445 praelati,
663 3367 770 3429 ethoc
785 3365 934 3428 Christus
949 3367 998 3428 eis
1013 3381 1120 3445 appa·
1152 3447 1153 3452 ἵ
1175 3363 1262 3426 tolus
1289 3385 1296 3425 ε
1321 3366 1470 3428 Mortale
1494 3371 1556 3429 hoo
1578 3368 1700 3429 induet
1727 3360 1944 3428 immortalita-

326 3465 430 3528 rendo
442 3453 579 3527 revelat.
596 3464 690 3527 Unde
707 3464 872 3543 sequitur:
894 3468 1041 3527 Vertmm
1052 3481 1122 3526 non
1177 3463 1246 3524 tem
1274 3460 1303 3542 (Ι
1326 3465 1399 3524 Cor.
1423 3478 1480 3536 xv,
1506 3462 1570 3544 53).
1594 3467 1633 3526 Et
1663 3467 1727 3525 hoc
1753 3463 1814 3524 erit
1836 3455 1942 3537 quando

325 3565 436 3626 estin
455 3579 516 3626 ore
543 3563 611 3636 tao,
632 3565 693 3624 sed
709 3577 820 3638 prope
843 3564 896 3625 est
918 3565 955 3624 tn
973 3577 1033 3625 ore
1050 3564 1119 3635 tao,
1176 3559 1325 3638 subjecta
1346 3561 1411 3622 erit
1432 3561 1528 3622 nohis
1545 3579 1645 3623 mors.
1663 3565 1744 3624 Haec
1764 3559 1825 3622 tria
1846 3555 1943 3618 ottere-

325 3661 404 3738 quia
419 3659 609 3736 supradicta
632 3675 699 3720 non
722 3660 857 3721 suntin
882 3662 1022 3732 ioanne,
1048 3677 1120 3737 quae
1152 3705 1153 3708 ε
1175 3673 1248 3718 mus
1256 3657 1406 3731 Domino,
1419 3659 1635 3737 quandocum
1647 3650 1942 3736 gratiarumactioue

326 3772 394 3828 non
415 3758 522 3833 potest
542 3772 582 3817 ea
607 3755 897 3832 comprehendere.
924 3757 1018 3819 Unde
1039 3756 1120 3818 tides
1175 3756 1488 3832 repraesentabimus
1507 3773 1567 3819 nos
1584 3755 1620 3818 in
1639 3773 1743 3836 reguo
1767 3756 1844 3831 eJus.

326 3869 394 3914 non
408 3852 508 3915 hahet
518 3851 683 3925 meritum,
701 3852 818 3913 cui.....
836 3850 895 3933 (1),
910 3852 967 3914 sed
983 3854 1026 3916 sit
1038 3854 1121 3916 tides

324 3948 362 4011 in
385 3949 484 4012 corde
506 3949 542 4012 ut
565 3947 770 4010 ambulemus
794 3964 854 4026 per
875 3949 1017 4027 aenigma
1044 3952 1121 4013 tan-

326 4063 424 4128 quam
445 4063 506 4126 per
528 4047 709 4125 speculum,
735 4047 839 4126 donec
860 4048 1121 4126 comprehenda—
1552 4023 1588 4110 X

325 4161 399 4207 mus
429 4145 465 4207 in
491 4147 611 4224 specie.
638 4145 810 4223 Myrrham
836 4161 916 4222 ergo
950 4147 1118 4210 offerimus

324 4245 404 4317 Deo,
419 4245 550 4322 quando
565 4259 704 4321 corpora
725 4244 837 4305 nostra
858 4244 891 4305 θῖ
914 4243 1118 4308 subditorum
1302 4253 1347 4314 IN
1369 4253 1574 4315 DOMINICA
1594 4257 1648 4315 Dii
1669 4251 1835 4318 NUPTIIS

325 4343 514 4404 nostrorum
540 4341 754 4417 castigamus.
792 4341 886 4403 Unde
907 4342 1116 4418 Apostolus:

324 4442 460 4516 Casttpo
497 4453 622 4513 corpas
646 4453 762 4500 meam
793 4439 827 4499 et
854 4441 891 4500 tn
913 4441 1118 4502 servitutem
1211 4440 1352 4514 nuptm
1365 4440 1466 4521 sactae
1481 4440 1614 4501 suntin
1633 4444 1751 4503 titiana
1770 4423 1938 4500 delicati

322 4541 441 4614 redico
457 4533 482 4605 (l
496 4537 570 4598 Cor.
587 4551 634 4607 1x,
648 4533 714 4614 27).
1173 4537 1251 4597 erat
1273 4538 1389 4598 Mater
1402 4541 1484 4599 Jesn
1503 4539 1558 4598 iot.
1588 4539 1733 4600 Vocatus
1755 4536 1804 4600 est
1817 4535 1903 4592 Jesns
1913 4519 1938 4581 il

362 4634 552 4696 Thesaurus
572 4633 745 4710 sapientiae
769 4634 819 4696 est
840 4633 974 4696 claritas
994 4633 1119 4696 intelli·
1171 4634 1336 4707 Discipnii
1346 4636 1421 4706 ejas
1435 4637 1479 4696 ad
1493 4635 1633 4710 nuptias
1649 4633 1757 4714 (Joan.
1773 4648 1807 4702 11,
1824 4625 1862 4707 l).

323 4731 444 4809 gantiae
459 4747 533 4792 cum
547 4731 720 4792 charitate.
738 4729 831 4792 Unde
845 4731 1000 4793 Salomon
1013 4753 1020 4791 :
1035 4735 1119 4795 Tite-
1211 4729 1412 4804 Evangelica
1438 4730 1536 4793 lectio
1565 4748 1662 4809 quam
1691 4729 1836 4799 audistis,
1862 4711 1936 4799 quasi

322 4844 451 4891 satiras
477 4830 733 4891 considerabitis
767 4830 952 4904 reatriesctt
975 4832 1023 4900 ,in
1057 4844 1117 4893 ore
1172 4841 1274 4885 unum
1300 4825 1339 4885 de
1373 4827 1565 4890 fluminibus
1589 4829 1747 4906 paradisi,
1777 4813 1935 4889 coelestihus

323 4925 501 5001 sapientis.
524 4927 570 4986 De
596 4924 659 4986 hoc
682 4925 839 4987 thesauro
862 4927 1032 4988 offerimus
1054 4943 1119 4989 aa·
1172 4922 1293 4984 referta
1308 4923 1475 4998 mysteriis
1498 4928 1676 5005 exponitur
1699 4912 1937 4989 secundumha-

322 5037 415 5094 ram,
444 5021 531 5082 idest
561 5021 698 5081 verhum
724 5023 882 5084 doctrinae
911 5025 1115 5102 spiritualis;
1171 5020 1302 5092 teriam,
1326 5020 1537 5098 allegoriam,
1565 5024 1799 5102 tropologiam,
1823 5017 1852 5080 et
1871 5022 1936 5073 ana-

324 5121 411 5191 inus,
449 5117 534 5179 idest
558 5116 696 5178 verbum
727 5120 977 5198 consolationis3
1015 5139 1115 5198 myr-
1171 5134 1290 5194 gogen.
1312 5117 1405 5181 Unde
1433 5136 1499 5182 non
1518 5123 1685 5185 immerito
1709 5105 1936 5200 praedicaturis

322 5219 435 5289 rhem,
463 5215 550 5278 idest
571 5214 709 5276 verbum
736 5219 963 5278 correctionis
990 5223 1116 5281 hurum
1171 5231 1211 5278 ea
1241 5215 1384 5294 primum
1413 5218 1544 5294 signum
1568 5221 1654 5296 quod
1687 5220 1766 5282 iecit
1798 5219 1883 5280 iesus
1909 5201 1934 5261 iss

322 5313 372 5375 est
385 5312 523 5375 verbum
545 5311 703 5374 doctrinm
726 5313 920 5390 spiritualis,
935 5315 1012 5394 quia
1031 5318 1117 5381 sicut
1172 5315 1284 5376 Ghana
1300 5315 1451 5388 Galileae,
1476 5315 1512 5376 ut
1534 5317 1631 5378 ineo
1657 5313 1874 5380 manifestetur
1892 5303 1934 5364 io·

321 5427 440 5474 aurum
461 5410 512 5473 θεῖ
526 5409 731 5488 splendidius
746 5411 876 5473 caeteris
898 5413 1051 5487 metallis,
1069 5416 1116 5478 ita
1171 5412 1239 5474 tum
1254 5411 1402 5474 divinum
1424 5429 1497 5475 esse
1518 5415 1724 5491 mysterium,
1741 5413 1820 5494 quod
1840 5409 1870 5469 in
1887 5401 1934 5461 hac

321 5508 471 5571 doctrina
486 5507 669 5587 spiritualis
690 5509 740 5570 θεῖ
755 5510 874 5572 melior
890 5511 1020 5574 caeteris
1038 5529 1116 5576 sen·
1171 5509 1311 5572 lectione
1349 5511 1648 5588 comprehenditur.
1691 5513 1859 5574 Sciendum
1887 5493 1933 5560 esi

1171 5606 1256 5685 quod
1279 5607 1354 5670 aliae
1370 5609 1446 5670 sunt
1461 5609 1584 5687 nuptiae
1606 5627 1680 5688 quae
1702 5611 1784 5674 liunt
1801 5605 1878 5669 inter
1891 5590 1933 5654 ii·
1975 5679 1976 5684 Ἰ

356 5701 398 5777 (1)
418 5702 568 5763 iliadesiit
581 5701 814 5778 manuscriptum.
1169 5721 1243 5767 rum
1267 5705 1300 5766 θῖ
1319 5704 1488 5779 seminam,
1516 5707 1592 5771 aliae
1623 5709 1711 5773 iuter
1736 5703 1888 5772 carisium
1912 5683 1935 5749 θ)
