3954 6358
57 375 108 462 tal
406 373 451 434 iil
472 371 608 458 munio:
626 370 981 442 QUADRAGESIMAE.
1004 371 1130 433 FERIA
1151 369 1319 443 utilitia.
1625 372 1687 434 782
1774 410 1780 424 .

56 534 179 604 Psalmo
207 553 216 596 a
243 531 448 608 inusitatas
479 547 567 596 mace
600 545 838 610 aamrpressoe
889 530 1092 596 Malachiam
1105 531 1471 612 prophetamadtcrlu
1485 533 1565 598 solis
1578 545 1684 608 usquo

54 632 241 709 susteneat
258 646 385 704 mm,
401 627 470 711 (Pa.
490 645 620 704 xuni,
641 627 687 710 5),
710 629 838 694 scilicet
891 633 934 691 ad
948 645 1115 704 coccam
1129 645 1295 708 magnum
1307 631 1360 692 est
1373 643 1499 692 awmen
1515 645 1633 692 mum
1646 634 1685 692 tn

55 732 199 796 menum.
224 729 316 802 Quod
330 728 451 791 dicitur
478 728 629 802 mortale,
643 727 720 806 quia
735 727 838 790 elficit
889 728 1046 804 psalmas
1061 725 1328 807 (Malach.1,1i).
1344 727 1436 792 Unde
1447 727 1563 805 ipsein
1576 729 1688 789 Evan-

54 833 190 894 animam
206 827 471 905 dignammorte
489 828 625 888 aeterna.
643 828 837 904 Quanquam
890 825 978 901 geiio
1001 826 1043 886 ad
1068 825 1201 889 ludaeos
1219 842 1228 881 a
1245 830 1333 888 Ecce
1355 827 1570 900 relinquetur
1593 829 1686 888 vohis

53 927 150 1007 possit
162 925 227 988 dici
236 925 387 998 mortale,
404 924 482 1003 quia
496 925 641 988 animam
655 924 762 1002 ipsam
775 939 835 985 oc·
891 925 1010 986 doinus
1025 923 1142 986 vestra
1153 924 1291 986 deserta
1302 922 1395 1002 (Luc.
1407 940 1480 997 xiii,
1496 922 1562 1003 35).
1575 926 1614 984 Et
1626 939 1686 1000 per

52 1026 126 1090 cidit
138 1024 170 1087 et
183 1024 346 1086 mortuam
360 1022 450 1086 iacit.
465 1024 552 1085 Nam
562 1022 648 1086 sicut
661 1023 773 1085 anima
785 1021 838 1084 est
889 1021 1069 1085 ieremiam
1085 1043 1093 1084 :
1109 1025 1242 1098 Reliqui
1263 1025 1403 1084 mum
1422 1038 1548 1096 accam,
1569 1023 1686 1084 dimisi

52 1125 113 1188 uita
120 1122 278 1202 corporis,
289 1121 323 1184 et
330 1136 370 1183 ea
377 1123 542 1200 separata,
552 1136 671 1198 corpus
683 1119 835 1194 moritur,
889 1119 1128 1183 haereditatem
1142 1135 1256 1183 mam
1271 1117 1407 1199 (leram.
1422 1137 1491 1196 ιιιι,Ι
1505 1119 1551 1200 7).

51 1222 199 1292 sicileus,
214 1219 269 1282 sei
287 1218 396 1296 gratia
415 1221 488 1298 ejus
502 1218 554 1281 est
572 1218 642 1280 sita
656 1217 787 1290 animm,
803 1217 838 1279 et
931 1218 1102 1296 Sequitur:
1113 1218 1314 1280 Etlclravil
1326 1221 1511 1280 induratam
1521 1220 1684 1292 Statonia,

51 1317 199 1400 quamdiu
213 1317 285 1395 ipsa
307 1318 359 1380 ast
380 1316 417 1378 in
444 1332 484 1378 ea
510 1316 736 1396 pergratiam,
752 1315 837 1380 uiuit
890 1318 1012 1378 Domus
1028 1315 1172 1378 Simonis
1197 1315 1248 1380 est
1270 1317 1385 1378 sancta
1412 1317 1560 1378 Ecclesia
1588 1315 1684 1380 boatu

50 1417 164 1480 amma.
180 1417 227 1478 Eo
241 1416 352 1478 autem
366 1415 531 1494 separato,
552 1414 664 1477 anima
683 1413 833 1486 moritur.
891 1415 989 1476 Petro
1013 1415 1200 1487 commissa,
1228 1415 1360 1492 quando
1386 1414 1471 1477 dixit
1494 1415 1550 1476 ci:
1572 1419 1620 1476 iic
1648 1429 1685 1476 cs

51 1513 130 1595 quod
149 1513 185 1576 iit
210 1528 271 1591 por
290 1511 460 1590 quodlibet
485 1513 636 1575 mortale.
666 1511 730 1574 Sed
758 1510 836 1589 quia
889 1513 1031 1582 Petrus,
1057 1514 1092 1574 et
1115 1527 1224 1588 super
1243 1516 1332 1575 lanc
1348 1513 1489 1588 petram
1512 1513 1685 1584 aedificato

49 1613 151 1692 justus
167 1611 210 1674 de
224 1611 288 1673 ilde
301 1611 385 1674 vivit
399 1627 439 1675 ao
462 1611 548 1690 quod
566 1609 771 1689 impossihile
786 1609 837 1672 est
889 1613 1079 1674 Ecclesiam
1105 1625 1221 1673 mam
1238 1607 1372 1689 (Matth.
1392 1626 1465 1684 ιιι,
1489 1609 1553 1690 18).
1580 1613 1687 1688 Super

51 1710 117 1772 sine
131 1709 194 1771 ilde
207 1710 339 1788 placere
353 1712 433 1782 Deo,
460 1725 550 1772 mors
572 1709 694 1772 animae
714 1707 836 1770 dicitnr
890 1707 976 1770 hanc
988 1709 1126 1786 petram,
1143 1707 1239 1782 idest,
1267 1725 1367 1788 supra
1378 1709 1477 1770 istam
1487 1709 1564 1771 ildei
1580 1708 1686 1771 tirmi-

48 1807 267 1882 iucreduiitaS,
283 1823 343 1870 seu
356 1807 547 1880 infidelitas,
569 1806 656 1870 sicut
667 1806 749 1870 tides
767 1806 835 1869 vita
889 1807 1003 1879 tatem,
1017 1823 1081 1884 qua
1096 1806 1269 1868 consessus
1290 1823 1326 1870 as
1341 1823 1393 1868 me
1408 1823 1482 1869 esse
1505 1806 1610 1868 illium
1625 1806 1685 1868 Dei

49 1905 154 1982 ipsius,
168 1921 244 1984 quae
256 1907 367 1967 tamen
381 1905 455 1982 ipsa
474 1905 548 1967 sine
563 1904 718 1983 operibus
742 1919 835 1966 mor·
889 1904 969 1978 vivi,
996 1905 1076 1983 quia
1101 1920 1179 1967 caro
1208 1905 1241 1966 et
1268 1905 1405 1982 sanguia
1436 1921 1503 1968 non
1524 1903 1687 1966 revelavit

47 2004 98 2064 tua
123 2003 182 2064 est
215 2004 255 2064 Et
279 1990 460 2064 secundum
494 2001 558 2064 hoc
583 2003 650 2064 alia
680 2001 835 2065 mortalia
888 2001 960 2076 tihi,
977 2003 1035 2082 sed
1049 2003 1150 2066 Pater
1163 2019 1256 2065 meus
1271 1990 1328 2082 gui
1342 2003 1394 2066 est
1415 2003 1450 2065 in
1472 2002 1577 2066 coeiis.
1596 2005 1685 2064 Caro

48 2100 174 2186 possunt
187 2098 332 2177 intelligi
344 2099 465 2162 animas
479 2100 700 2162 infirmitates.
889 2101 923 2162 et
942 2105 1097 2178 sanguis,
1111 2101 1207 2174 idest,
1229 2100 1381 2164 homines
1400 2100 1471 2163 nati
1485 2117 1529 2162 ex
1540 2115 1641 2162 carue
1654 2099 1687 2162 et

82 2199 180 2260 item:
197 2199 368 2260 surremit
385 2201 486 2260 lasus
498 2201 725 2275 despaacpopa
739 2197 837 2260 elin·
889 2199 1051 2276 sanguiue
1066 2215 1133 2261 non
1147 2197 1381 2262 revelaverunt
1394 2199 1466 2261 tibi.
1482 2199 1544 2262 Vei
1557 2212 1640 2260 caro
1652 2197 1687 2258 el

48 2295 207 2358 travitin
229 2298 368 2358 mum
390 2297 551 2357 Siluanus.
574 2298 640 2357 Per
661 2296 724 2358 hoc
747 2295 834 2373 quod
888 2301 1042 2374 sanguia,
1058 2297 1144 2360 idest
1165 2297 1283 2360 scribae
1304 2299 1338 2360 et
1360 2297 1524 2359 Pharisaei
1543 2296 1584 2357 da
1603 2310 1687 2374 quc-

46 2393 182 2456 aurraxit
209 2394 250 2454 de
269 2407 440 2470 synagoga
453 2394 488 2455 et
499 2393 637 2456 inuasit
651 2392 688 2454 iu
702 2393 835 2456 domum
888 2409 962 2455 rum
973 2409 1073 2456 carne
1085 2395 1118 2456 et
1132 2396 1295 2473 sanguine
1313 2396 1350 2458 tu
1364 2393 1569 2467 exiistivei,
1584 2408 1686 2471 super

49 2490 200 2564 Simonis,
217 2490 425 2567 significatur
446 2490 532 2569 quod
553 2491 689 2570 reliquit
701 2491 834 2572 ludaeos
888 2491 975 2554 hanc
989 2493 1128 2570 petram,
1143 2493 1238 2567 idest,
1253 2511 1353 2574 super
1363 2511 1415 2556 me
1425 2494 1483 2574 qui
1493 2509 1566 2554 sum
1578 2495 1685 2570 petra,

47 2589 76 2650 el
87 2589 219 2652 transiit
232 2588 275 2650 ad
289 2589 447 2662 Gentiles,
463 2588 549 2652 sicut
561 2588 703 2666 legimus
718 2589 752 2650 iu
764 2592 832 2652 Ac·
887 2589 983 2664 idest,
1000 2590 1130 2654 stabilis
1143 2591 1176 2655 et
1188 2591 1295 2665 tortia,
1308 2593 1396 2656 sicut
1408 2589 1683 2668 dicitaposloiuaz

48 2685 125 2748 dhus
135 2687 381 2764 Apostolorum,
396 2687 527 2766 quando
546 2686 655 2750 Judaei
668 2687 834 2764 persecuti
887 2688 999 2750 Petra
1024 2691 1143 2751 aulem
1170 2691 1249 2754 erat
1277 2693 1433 2754 ciratus
1457 2688 1572 2770 (icor.
1587 2685 1685 2776 ni).

49 2784 315 2863 smtapostoios,
332 2786 365 2846 et
387 2785 570 2848 credentes.
598 2787 667 2858 Quo
686 2784 834 2864 tempore
886 2787 1075 2860 AEdificado
1102 2791 1291 2852 Ecclesiam
1315 2803 1431 2851 meam
1455 2789 1490 2852 et
1518 2789 1577 2849 lici
1602 2787 1687 2847 dulc
1753 2785 1756 2797 '

49 2881 172 2945 luerunt
197 2883 350 2961 Apostoli
375 2882 550 2959 flagellati,
583 2882 616 2945 et
648 2883 834 2960 Stephanus
887 2888 999 2948 claves
1012 2889 1302 2962 regntcoelcram
1318 2887 1352 2950 ci
1368 2889 1600 2962 quodcumque
1619 2889 1687 2946 sol-

49 2978 216 3056 iapidatus,
233 2980 313 3043 tunc
335 2979 424 3042 iacta
437 2979 501 3042 tuit
513 2980 699 3058 persecutio
712 2996 834 3057 magua
887 2985 982 3044 ceris
1006 2983 1076 3046 erit
1100 2985 1261 3058 aclutacm,
1283 2985 1316 3048 ct
1342 2989 1573 3060 wodcumpuc
1598 2985 1687 3059 lipa-

50 3076 80 3138 in
93 3077 238 3140 Ecclesia
262 3077 296 3140 et
316 3093 429 3140 ornnes
453 3077 596 3156 dispersi
615 3079 761 3156 suntper
774 3094 834 3141 re·
887 3083 983 3142 aeris
1010 3079 1080 3143 erit
1111 3081 1257 3158 ligatum
1281 3080 1414 3163 (Matth.
1441 3097 1509 3155 xva,
1539 3083 1587 3155 18,
1618 3078 1683 3160 19).

49 3175 152 3249 ponas
166 3177 292 3254 praeter
313 3175 499 3253 Apostolos.
514 3179 606 3238 Tunc
619 3176 768 3255 apostoli
782 3176 835 3238 di·
888 3177 1005 3242 Posset
1032 3178 1135 3240 etiam
1161 3179 1229 3241 dici
1250 3179 1337 3258 quod
1359 3181 1485 3254 Simon,
1502 3179 1559 3258 qui
1579 3180 1686 3242 inter-

50 3273 350 3336 xaruntadludaeos
364 3295 371 3334 :
387 3275 836 3350 Voclsoportecatpaamam
888 3275 1038 3353 pretatur
1071 3275 1248 3352 obediens,
1281 3278 1448 3356 significat
1479 3277 1683 3349 Ecclesiam,

47 3373 127 3444 hoca
137 3375 283 3434 verbum
303 3375 378 3444 Dei,
401 3375 463 3434 sed
488 3375 651 3446 quonium
664 3373 836 3448 repellitis
888 3373 985 3448 idest,
999 3375 1289 3451 congregationem
1304 3377 1463 3455 fidelium,
1475 3376 1590 3453 dequa
1606 3374 1688 3442 dicit

47 3470 119 3530 iilud
150 3471 185 3532 cl
214 3472 372 3548 indignos
403 3484 464 3531 vos
488 3471 657 3544 judicalis
692 3471 836 3537 aeter-me
889 3471 1129 3548 Evangeiium:
1150 3475 1287 3536 Ubiduo
1308 3475 1459 3536 celires
1485 3473 1687 3551 coaegrepatt

47 3565 128 3638 adae,
150 3582 228 3630 ecce
248 3567 485 3629 convenimur
498 3569 543 3628 αα
555 3567 768 3645 pasteafloc
785 3567 836 3630 est
888 3570 1021 3644 fierint
1046 3573 1082 3632 ln
1104 3573 1244 3633 comice
1275 3587 1363 3646 meo,
1378 3575 1417 3634 tu
1431 3574 1542 3635 medic
1565 3583 1688 3634 corum

46 3665 196 3728 surremit
203 3667 357 3728 Jesusde
381 3679 557 3740 svawpcpa
571 3665 605 3727 ct
619 3665 765 3726 sarraca
775 3667 836 3728 do-
888 3681 967 3728 sum
979 3663 1110 3745 (matta.
1127 3665 1305 3748 xs111,20).
1321 3669 1363 3730 Et
1379 3668 1509 3741 meritc,
1525 3665 1604 3744 quia
1618 3668 1686 3728 Ee-

45 3776 133 3824 mum
164 3765 337 3835 Sianoois,
373 3761 452 3840 qiua
476 3762 614 3841 reliquit
644 3762 777 3825 ludaeos
802 3765 836 3826 et
890 3763 993 3826 ciasia
1016 3763 1101 3827 hene
1116 3765 1169 3828 est
1191 3763 1348 3828 obediens
1372 3766 1523 3840 Domino,
1539 3765 1574 3828 et
1591 3780 1690 3826 mau-

45 3859 170 3922 transiit
189 3859 234 3922 ad
261 3859 394 3923 Gentes.
416 3859 511 3922 Unde
531 3860 673 3936 legimus
694 3861 729 3922 in
748 3860 834 3924 iihro
889 3860 975 3924 datis
990 3863 1063 3942 ejus
1075 3858 1197 3926 seruat.¹
1217 3864 1311 3928 Unde
1335 3865 1496 3928 Dominus
1516 3865 1552 3925 in
1576 3865 1688 3926 Evan-

44 3957 188 4019 ludicum
204 3957 290 4036 quod
305 3957 439 4019 Gedecn
462 3958 574 4035 posuit
589 3958 696 4020 velius
709 3959 835 4022 inarea
889 3959 976 4037 geiio
998 3959 1046 4022 ait
1064 3981 1071 4020 ι
1089 3963 1128 4024 Sl
1151 3964 1294 4039 diligitis
1322 3977 1394 4036 mc,
1418 3962 1584 4024 mandata
1608 3975 1690 4022 mea

45 4058 73 4116 et
84 4056 249 4118 nocteiiia
262 4055 326 4119 luit
338 4071 395 4117 ros
411 4055 444 4118 iu
456 4055 527 4117 solo
542 4055 677 4129 vellere,
698 4057 732 4120 et
744 4056 835 4120 terra
888 4058 1027 4120 servale
1040 4053 1150 4136 (ioan.
1166 4074 1238 4131 xiv,
1256 4057 1321 4137 15).

44 4152 100 4215 luit
121 4155 229 4216 arida.
256 4154 408 4216 Secunda
424 4154 521 4217 nocte
540 4153 603 4216 luit
616 4169 672 4216 ros
693 4155 836 4217 inomni
928 4153 1064 4232 Trtptex
1076 4157 1126 4216 est
1140 4156 1352 4232 congregatio
1365 4154 1405 4217 de
1417 4171 1483 4234 qua
1499 4156 1690 4234 frequenter

43 4251 137 4329 lema,
151 4253 184 4316 et
191 4253 229 4314 in
242 4252 366 4314 vellere
378 4251 595 4315 iuitsiccitas.
604 4253 719 4315 Velius
729 4253 837 4331 signi·
890 4251 1035 4328 loquitur
1050 4253 1153 4314 Sacra
1169 4254 1350 4332 Scriptura.
1362 4253 1437 4316 Alia
1449 4255 1500 4316 est
1511 4253 1599 4314 enim
1614 4268 1692 4314 con·

44 4350 114 4412 iicat
139 4351 304 4423 ludaeam,
331 4365 411 4410 area
450 4349 520 4412 sive
551 4352 642 4413 terra
670 4351 836 4428 significat
889 4350 1039 4429 gregatic
1051 4350 1226 4425 maiorum,
1238 4353 1305 4414 alia
1317 4350 1489 4424 honorum,
1502 4351 1569 4413 alia
1581 4350 1692 4412 heato·

44 4449 167 4511 tientes.
210 4451 279 4510 Ros
312 4447 479 4524 significat
505 4448 647 4524 gratiam
676 4448 833 4512 divinam.
890 4464 974 4510 rum.
983 4448 1095 4510 Prima
1103 4447 1201 4512 estad
1210 4451 1359 4524 mortem,
1370 4449 1515 4514 secunda
1524 4449 1565 4510 ad
1574 4449 1690 4522 vitam,

44 4547 148 4609 Primo
170 4547 247 4609 iiuit
266 4561 321 4606 ros
343 4545 539 4620 invallare,
568 4547 657 4609 terra
681 4549 836 4609 manente
889 4544 1368 4612 tertiaeritinvita.Primaiit
1380 4548 1532 4621 indeuia,
1545 4546 1690 4612 secunda

45 4645 143 4718 arida,
157 4645 238 4723 quia
251 4643 368 4706 iudaea
389 4645 483 4722 prius
502 4644 619 4707 hahuit
641 4645 784 4720 gratiam
804 4650 837 4708 ei
889 4644 926 4704 in
939 4645 1006 4716 via,
1014 4645 1113 4707 tarda
1123 4645 1180 4706 ilat
1188 4645 1225 4708 in
1238 4645 1357 4723 patria.
1365 4647 1477 4708 Prima
1489 4645 1693 4716 iitinlicum,

44 4744 261 4818 cognitionem
275 4741 335 4804 Dei
350 4758 448 4819 quam
463 4743 593 4804 catara
612 4743 739 4820 gentes,
757 4744 836 4821 quia
891 4743 1036 4805 secunda
1078 4743 1116 4805 iit
1141 4742 1210 4812 ilii,
1238 4744 1337 4806 tertia
1367 4745 1409 4807 ad
1441 4745 1547 4808 ilium.
1577 4745 1692 4810 Prima

44 4845 153 4916 gentes
168 4841 323 4904 colebant
343 4840 443 4913 idola,
460 4841 494 4902 et
517 4839 753 4903 sacrificabant
767 4842 838 4906 dae·
891 4840 980 4903 iacta
1003 4841 1055 4903 est
1076 4840 1112 4902 in
1136 4841 1342 4916 contusione,
1358 4843 1504 4906 secunda
1518 4844 1554 4905 in
1568 4842 1690 4920 cogui-

43 4940 171 5013 mcniis‚
195 4941 283 5002 sicut
308 4939 431 5002 dicitur
456 4939 491 4999 in
504 4939 638 5028 Psalmo
653 4961 660 5000 :
674 4941 786 5004 Notus
800 4945 838 5003 in
893 4940 995 5012 lione,
1018 4938 1117 5002 tertia
1141 4939 1206 5002 erit
1226 4939 1261 5000 in
1280 4939 1499 5004 contessioue.
1515 4943 1629 5004 Prima
1643 4942 1697 5004 in*

43 5039 159 5100 iudaea
179 5043 273 5102 Deua
299 5035 369 5117 (Pa.
389 5052 492 5109 cxxv,
508 5035 555 5116 2).
577 5037 675 5100 Modo
699 5039 750 5100 est
766 5039 838 5102 vei·
894 5037 995 5114 coepit
1022 5037 1057 5100 in
1081 5037 1293 5115 Babylonicae
1318 5041 1421 5112 turris¹
1448 5039 1601 5114 aedilicio,
1631 5056 1692 5102 se-

43 5131 242 5208 tussiacum,
260 5136 337 5213 quia
354 5133 462 5198 ludaei
481 5132 838 5214 alienatisuutagra-
895 5135 1004 5198 cuuda
1034 5135 1069 5197 in
1103 5136 1224 5199 montis
1255 5138 1336 5200 Sion
1373 5138 1565 5212 coenaculo,
1595 5139 1695 5204 tertia

43 5231 96 5305 tia,
110 5235 144 5295 et
155 5250 212 5296 ros
222 5233 273 5296 est
286 5234 322 5294 in
343 5232 435 5294 omui
449 5233 550 5308 terra,
564 5234 644 5310 quia
657 5235 766 5311 gratia
779 5235 838 5298 Dei
896 5233 1086 5311 perficietur
1100 5234 1136 5297 in
1154 5235 1250 5297 coeto.
1273 5235 1419 5308 Primam
1434 5235 1606 5303 confundit
1623 5239 1695 5298 Dc-

43 5331 90 5392 est
101 5331 136 5394 in
150 5331 316 5410 gentihus,
330 5329 408 5409 quia
436 5345 495 5410 per
518 5331 661 5408 gratiam
674 5332 735 5402 Dei
749 5334 838 5397 totus
896 5331 1006 5394 minus
1021 5333 1122 5393 Pater
1140 5331 1254 5395 dicens
1271 5353 1278 5393 :
1302 5333 1429 5405 Venite,
1445 5336 1697 5408 commodantem

44 5430 183 5492 mundus
197 5443 379 5491 conversus
393 5432 444 5490 esi
465 5428 508 5489 ad
529 5428 627 5492 iidem
642 5430 764 5494 Christi
779 5448 839 5510 per
896 5433 1033 5506 lincares
1056 5444 1177 5491 eorum
1198 5427 1294 5509 (Gen.
1310 5444 1357 5504 ιιι,
1374 5430 1419 5510 7).
1444 5431 1629 5492 Secundam
1647 5430 1694 5491 ii-

45 5527 311 5603 praedicaticuam
354 5527 599 5604 apostolorum,
641 5528 729 5591 sicut
766 5531 839 5608 ipse
897 5525 1053 5590 lustravit
1066 5526 1210 5606 Spiritus
1225 5527 1379 5600 Sanctus,
1393 5529 1525 5606 quando
1539 5527 1593 5588 die
1608 5530 1698 5589 Pen-

46 5625 213 5686 mandauit
241 5645 248 5685 ι
276 5625 330 5688 ite
367 5627 406 5685 ic
436 5627 642 5688 uuiversum
671 5630 839 5690 mundum
900 5626 1041 5688 tecostes
1084 5626 1312 5704 apparuerunt
1351 5625 1533 5704 dispertitae
1575 5625 1698 5702 linguae

48 5719 161 5799 (hiare.
176 5739 243 5806 xvi,
261 5721 324 5807 Ι15).
347 5722 485 5786 Etsieut
507 5723 667 5785 Dominus
687 5723 767 5787 dicit
780 5741 840 5810 per
900 5725 1060 5802 tanquam
1106 5723 1194 5804 iguis
1245 5739 1345 5802 supas·
1392 5723 1541 5800 singulos
1584 5738 1700 5786 eorum
