4122 6308
175 308 239 368 973
616 305 666 372 ΙΝ
688 303 818 367 Fusio
841 304 1145 366 PENTECOSTES.
1170 305 1310 368 SERMO
1333 308 1390 368 ΙΙΙ.
1769 315 1832 375 974

175 467 328 544 peccato,
348 467 381 530 31
396 465 590 539 3313311113
606 467 640 529 31
659 468 845 540 1131311313
866 465 976 546 (1333.
1033 481 1092 545 333
1103 483 1201 545 quam
1212 468 1453 546 quatriduanus
1466 469 1616 531 mortuus
1631 472 1828 536 suscitatur!

175 583 255 639 xvi,
278 564 324 647 8).
350 565 478 628 Dicitur
497 565 634 642 spiritus
658 565 859 635 Paraclitus,
880 566 978 643 juxta
1033 566 1245 643 Ocollyrium
1261 566 1391 640 3111333,
1406 583 1471 646 333
1490 568 1721 633 illuminantur
1738 573 1828 634 oculi

176 665 261 726 illud
278 687 285 725 :
299 668 378 728 Nisi
391 667 614 741 3333311333,
628 665 827 726 Peraclitus
838 680 907 726 non
920 679 979 726 33-
1033 664 1112 726 caeci
1128 665 1212 726 natil
1230 668 1254 726 Ο
1267 665 1341 728 1333
1354 667 1546 744 aquaevivae
1562 667 1713 730 salientis
1726 669 1760 731 in
1773 671 1829 732 vi-

175 765 252 826 nici
266 767 310 825 33
329 777 390 824 333
410 760 518 841 (1333.
541 778 611 830 xvi,
635 761 679 841 t).
706 764 752 823 De
774 762 837 823 lroc
859 762 978 840 spiritu
1032 762 1099 823 tam
1115 765 1284 835 aeternam,
1302 764 1342 825 de
1358 781 1422 842 qua
1437 765 1493 842 qui
1508 765 1641 838 biberit,
1659 783 1725 829 non
1742 769 1832 832 sitiet

176 879 240 924 suo
259 861 377 922 effudit
388 861 548 922 Dominus
561 875 661 937 super
678 876 809 922 ornnem
826 876 976 936 carnem3
1032 860 1163 923 iterum.
1179 865 1204 922 O
1221 862 1333 924 unctio
1348 863 1483 940 superni
1499 864 1629 938 medici,
1647 883 1721 942 quae
1736 867 1832 937 docet

176 960 215 1023 ut
227 976 287 1037 333
301 975 432 1021 33333
447 974 582 1020 333333
594 958 820 1034 intelligamus
834 975 900 1020 non
914 959 979 1020 sin·
1034 975 1094 1020 nos
1106 959 1146 1020 de
1166 960 1333 1032 omnibus,
1356 977 1455 1038 quum
1478 961 1607 1023 docebit
1627 979 1832 1026 33333333

174 1058 257 1134 gula
276 1074 449 1134 generum,
467 1057 524 1118 sed
542 1073 664 1134 genera
685 1057 902 1134 singulorum.
920 1057 978 1118 Et·
1032 1057 1224 1120 1331131331
1242 1060 1337 1119 Oros
1357 1061 1512 1131 Η333ο3,
1532 1061 1588 1137 331
1608 1060 1777 1124 133333111
1796 1063 1831 1123 13

176 1155 263 1218 13111
295 1157 385 1217 3313
417 1170 517 1233 super
545 1170 675 1216 omnem
702 1171 852 1228 caruem,
879 1155 976 1228 idest,
1033 1154 1181 1217 montem
1204 1156 1343 1218 SionlO
1365 1157 1564 1234 septiformis
1583 1159 1730 1234 spiritus,
1753 1175 1829 1237 quo,

175 1270 280 1331 super
301 1256 475 1331 utrumque
503 1269 635 1325 sexum,
663 1253 754 1315 viros
783 1254 924 1326 scilicet,
947 1254 979 1314 et
1033 1269 1099 1314 non
1113 1253 1186 1314 dico
1201 1254 1334 1332 septies,
1350 1255 1406 1315 331
1420 1256 1608 1332 septuagies
1622 1258 1754 1334 septies,
1769 1257 1831 1318 de-

176 1350 346 1423 mulieres,
364 1350 546 1412 secundum
561 1349 648 1427 quod
663 1350 699 1410 in
715 1350 851 1412 Actibus
873 1353 980 1428 Apos-
1033 1352 1196 1429 linquenti
1214 1352 1342 1414 offensa
1356 1352 1552 1415 remittitur!
1571 1355 1718 1416 Ooleum
1731 1355 1830 1416 inde-

177 1449 322 1510 tolorum
344 1448 466 1510 dicitur
488 1449 528 1510 de
551 1448 743 1526 Apostolis:
768 1449 843 1510 «Hi
865 1463 978 1511 omnes
1033 1449 1166 1523 ticieus,
1184 1467 1248 1527 quo
1267 1467 1337 1528 prae
1357 1451 1574 1529 participibus
1595 1453 1664 1513 suis
1679 1453 1831 1515 Christus

177 1565 197 1606 c
214 1547 311 1608 eraut
333 1548 587 1625 perseverantes
613 1547 817 1608 unanimiter
842 1547 877 1607 ln
902 1561 980 1608 ora·
1033 1549 1222 1625 inungitur!
1239 1549 1330 1610 Solet
1345 1552 1468 1622 autem,
1485 1549 1618 1624 1331333,
1635 1551 1744 1611 31333
1759 1551 1833 1612 1331

177 1663 198 1706 s
213 1645 305 1708 tione
341 1661 416 1706 cum
448 1644 643 1706 mulieribus
672 1645 705 1708 et
736 1645 844 1706 Maria
874 1647 979 1708 matre
1034 1647 1076 1708 ad
1095 1648 1177 1723 tria;
1201 1647 1335 1723 regibus
1354 1647 1518 1719 videlicet,
1543 1649 1576 1710 et
1603 1649 1846 1711 sacerdotibus·

177 1741 465 1822 «1333311311,
483 1741 547 1823 14).
564 1743 715 1805 1133313
739 1743 890 1805 subditur
908 1742 977 1804 ibi:
1034 1746 1076 1807 ad
1091 1745 1296 1822 dignitatern,
1314 1745 1411 1823 juxta
1433 1745 1515 1806 illud
1532 1765 1540 1805 e
1563 1760 1582 1806 3
1597 1747 1712 1808 Inveni
1727 1747 1833 1808 David

179 1842 254 1902 «st
273 1840 405 1918 quidem
426 1855 528 1918 super
547 1856 662 1903 servos
681 1856 772 1902 meos
791 1840 979 1902 3133311133
1033 1859 1200 1906 «servum
1229 1859 1359 1916 meum,
1394 1843 1466 1904 oleo
1501 1845 1615 1905 sancto
1647 1859 1720 1905 meo
1750 1845 1833 1906 unxi

176 1939 380 2000 «effundam
403 1939 444 2000 de
466 1939 585 2016 spiritu
608 1955 711 2000 meo»
740 1938 825 2018 (Act.
850 1955 886 2011 11,
913 1937 977 2018 18).
1033 1958 1171 2003 «euin»
1187 1939 1255 2020 (Ps.
1273 1943 1323 2013 88,
1341 1939 1407 2020 21).
1429 1940 1572 2002 infirmis
1587 1940 1628 2002 ad
1646 1941 1831 2018 mitigatio-

178 2037 303 2098 Effudit
325 2037 425 2098 etiam
445 2053 546 2114 super
565 2053 697 2098 omnem
717 2051 863 2109 caruem,
880 2036 976 2109 idest,
1033 2056 1109 2101 uem
1120 2041 1219 2116 juxta
1231 2039 1313 2100 illud
1331 2039 1572 2100 :ululirmatur
1586 2040 1707 2117 3113313
1723 2040 1757 2100 13
1772 2057 1834 2101 vo-

176 2150 419 2212 superomnem
436 2135 578 2207 aetatem,
593 2133 775 2195 secundnm
788 2133 874 2212 quod
888 2135 921 2196 31
932 2133 979 2195 ibi
1034 2138 1117 2200 «bis
1137 2139 1149 2198 1
1175 2137 1313 2199 Inducat
1341 2137 1550 2216 presbyteros
1576 2138 1749 2206 Ecclesiae,
1775 2139 1832 2215 qui

177 2233 303 2294 dicitur
319 2254 326 2293 ε
343 2250 361 2294 a
376 2233 456 2294 Erat
469 2233 579 2294 autem
596 2231 691 2293 turba
707 2232 890 2306 hominum,
908 2233 978 2294 sci·
1034 2254 1052 2297 s
1068 2236 1210 2298 orabunt
1222 2252 1281 2314 pro
1295 2251 1334 2297 eo
1350 2237 1512 2312 ungentes
1527 2251 1602 2296 eum
1617 2236 1692 2296 oleo
1707 2237 1833 2297 31333-

177 2331 291 2393 3111331
310 2331 345 2391 13
365 2331 537 2393 coeuaculo
563 2331 684 2392 montis
708 2331 798 2402 Sion,
816 2335 979 2409 majorum
1034 2352 1053 2396 1
1067 2335 1114 2398 113
1130 2335 1207 2395 fidei
1220 2333 1390 2396 alleviabit
1402 2333 1602 2394 infirmum»
1618 2331 1702 2412 (Jac.
1716 2350 1748 2406 v,
1766 2332 1830 2412 15).

177 2429 351 2501 «scilicet,
364 2430 397 2490 et
408 2429 583 2501 minorum,
596 2428 666 2490 sere
681 2431 813 2490 centum
827 2429 979 2505 viginti»
1034 2431 1208 2507 Pugilibus
1233 2447 1313 2492 vero
1335 2429 1377 2492 31
1402 2431 1504 2492 robur
1533 2431 1566 2492 et
1592 2430 1830 2504 tortitudinem,

178 2525 267 2607 (Act.
284 2543 307 2600 1,
330 2525 394 2608 15).
414 2529 463 2589 113
483 2527 572 2588 3313
587 2527 781 2604 praedictum
796 2526 868 2588 3331
884 2549 891 2586 2
909 2529 978 2588 Jn-
1028 2533 1128 2608 juxta
1144 2529 1226 2589 illud
1242 2551 1249 2589 :
1263 2529 1343 2594 Oleo
1356 2528 1583 2590 exultationis.

178 2641 285 2687 venes
306 2625 339 2686 31
361 2628 527 2702 31331333,
547 2628 702 2686 seniores
722 2639 802 2686 curn
821 2627 979 2699 1331331-
1074 2627 1123 2690 Ad
1138 2628 1227 2688 hunc
1240 2626 1372 2688 modum
1385 2626 1418 2687 et
1430 2614 1537 2686 oleum
1551 2625 1693 2702 Spiritus
1707 2625 1830 2698 Sancti,

178 2725 242 2786 bus
256 2724 396 2786 landent
409 2739 535 2784 nornen
549 2726 688 2785 Domini
702 2720 770 2801 (Ρ3.
788 2725 857 2795 148,
873 2722 937 2802 12).
1034 2725 1121 2803 3331
1137 2741 1157 2786 3
1172 2725 1279 2803 333113
1296 2723 1466 2810 descendit
1482 2723 1517 2783 in
1532 2722 1680 2796 barbam,
1694 2722 1832 2784 barbam

219 2821 343 2882 Effudit
379 2821 480 2883 etiam
516 2837 617 2898 33333
656 2835 789 2882 omnem·
824 2835 977 2892 carnem,
1034 2827 1157 2896 Aaron,
1174 2822 1305 2900 quando
1320 2822 1361 2883 de
1375 2820 1580 2900 plenitudine
1594 2819 1711 2898 capitis
1725 2823 1833 2899 Apos-

179 2919 275 2991 idest,
291 2935 393 2998 super
407 2920 584 2996 utrumque
599 2918 766 2997 populum.
788 2919 874 2981 Nam
893 2919 981 2980 sicut
1034 2921 1095 2984 toli
1113 2922 1314 2998 acceperunt
1332 2919 1374 2981 ad
1395 2919 1472 2980 baec'
1480 2918 1544 2980 1313
1565 2919 1648 2996 ipsis
1666 2919 1833 2995 Apostolis

179 3017 277 3078 modo
293 3017 544 3094 superiudaeos,
560 3018 608 3078 113
622 3017 736 3094 333133
752 3033 852 3093 33333
866 3017 979 3092 genti-
1035 3019 1148 3082 datum
1165 3019 1215 3080 331
1230 3019 1264 3080 31
1276 3017 1434 3078 1313333.
1459 3016 1570 3078 Primo
1593 3029 1735 3092 namque
1756 3017 1833 3077 anto

179 3115 239 3184 les,
249 3117 284 3176 ut
290 3115 584 3192 supercornelium
595 3113 791 3176 otiamulam
799 3113 982 3175 suameffu·
1035 3119 1236 3196 passionem,
1247 3116 1284 3177 in
1297 3132 1358 3176 sua
1373 3115 1535 3176 electione
1548 3113 1659 3175 datum
1669 3115 1720 3175 331
1730 3113 1778 3174 313
1791 3111 1834 3174 31

179 3211 395 3275 ditDominus
405 3213 445 3274 de
457 3213 582 3292 Spiritu
599 3214 731 3280 Sancto,
743 3211 877 3294 quaudo
887 3213 928 3274 ad
945 3229 980 3274 33
1035 3215 1241 3292 dignitatem,
1260 3213 1391 3292 quando
1406 3212 1539 3274 vocavit
1553 3211 1594 3274 ad
1612 3227 1648 3272 33
1668 3227 1749 3288 3333
1768 3225 1833 3273 13-

179 3310 350 3373 Simonem
360 3311 545 3384 accersivit,
558 3310 739 3372 secundum
749 3311 834 3387 quod
843 3311 981 3388 praedic·
1036 3314 1199 3390 luit,quos
1216 3313 1249 3373 31
1263 3311 1437 3388 Apostolos
1456 3309 1650 3371 nominavit.
1669 3308 1833 3378 Secundo,

179 3409 331 3472 tumeret
343 3431 350 3470 :
364 3411 518 3471 Laudato
532 3421 651 3472 ontnes
662 3409 780 3485 333133
794 3411 981 3470 Dominum
1035 3413 1109 3488 post
1127 3409 1406 3470 resurrectionem
1422 3407 1534 3468 datum
1554 3405 1604 3468 331
1623 3405 1671 3466 313
1686 3404 1728 3466 31
1743 3405 1836 3466 3111-

179 3507 215 3569 31
248 3509 469 3585 magnificate
495 3523 574 3569 eum
607 3521 725 3570 333333
757 3509 876 3580 popuii
905 3503 978 3584 (Ρ3.
1035 3505 1218 3584 gationem,
1248 3521 1323 3566 cum
1351 3503 1550 3566 dictumest
1575 3503 1625 3564 313
1651 3523 1659 3562 :
1683 3503 1835 3575 Accipite

180 3603 317 3684 116,1).
349 3605 473 3666 Effudit
496 3605 595 3667 etiam
621 3620 721 3680 super
750 3619 880 3665 omnam
900 3619 980 3666 car·
1035 3605 1206 3681 ,spinctum
1235 3603 1411 3665 Sanctum.
1442 3605 1596 3668 Qtwrnrn
1624 3600 1836 3661 remiseritis

179 3717 268 3776 uem,
281 3703 377 3776 idest,
395 3719 496 3780 super
505 3717 620 3764 omnes
630 3701 802 3764 hominum
814 3701 978 3763 nationes.
1033 3703 1185 3778 3333313,
1203 3702 1434 3762 remittuntur
1448 3703 1508 3772 ets,
1528 3699 1728 3773 31333333
1743 3696 1834 3759 3311-

181 3801 276 3863 Uude
304 3803 337 3864 et
360 3801 396 3862 13
419 3801 554 3863 Actibus
580 3800 814 3878 Apostolorum
840 3799 979 3872 dicitur,
1036 3797 1565 3876 33331113,33133133331(1333.
1581 3794 1722 3876 3323).

180 3899 268 3976 3331
291 3900 388 3961 33331
414 3897 634 3974 ierosolymis
660 3897 794 3964 Parthi,
817 3897 923 3968 Medi,
950 3896 982 3957 31
1076 3897 1203 3968 Tertio,
1229 3899 1304 3972 3331
1326 3895 1556 3955 ascensionem
1579 3893 1693 3953 datum
1714 3892 1765 3955 est
1785 3893 1835 3953 eis

181 3997 342 4070 Elamitae,
359 3998 392 4059 31
411 3981 476 4075 331Ι
489 3995 652 4058 13333331
673 3993 713 4054 13
728 3993 978 4070 Mesopotamia,
1036 3995 1077 4056 ad
1093 3993 1195 4055 robur
1209 3995 1241 4056 et
1258 3991 1497 4062 tortitudinem,
1514 3987 1645 4066 quando
1663 3989 1740 4050 sunt
1753 3989 1835 4052 visae

181 4095 215 4156 31
229 4095 375 4156 exomni
389 4094 490 4156 31133
505 4093 641 4154 3311333
652 4105 729 4168 333
745 4089 806 4152 331)
821 4091 905 4152 coelo
918 4091 979 4151 est
1037 4093 1104 4153 illis
1125 4090 1306 4168 dispertitae
1326 4089 1460 4164 linguae,
1477 4089 1634 4164 tanquam
1655 4085 1755 4162 ignis,
1775 4101 1833 4146 33-

182 4195 232 4253 113
253 4192 372 4270 quibus
394 4192 510 4268 postea
531 4190 627 4252 multi
648 4189 798 4251 videntes
821 4187 982 4250 miracula
1037 4189 1149 4267 111333
1174 4203 1274 4266 33333
1297 4185 1447 4262 singulos
1468 4199 1593 4246 eorum.
1616 4181 1763 4260 1131331
1786 4183 1836 4242 313

182 4292 335 4352 conversi
351 4291 439 4352 sunt.
457 4289 551 4352 Unde
564 4289 597 4351 et
609 4287 799 4360 ibidicitur,
817 4285 903 4364 quod
917 4302 983 4347 una
1037 4287 1161 4350 dictum
1176 4287 1248 4348 erat
1270 4307 1278 4345 ε
1298 4286 1419 4346 Sedete
1439 4287 1494 4346 bic
1513 4281 1705 4344 incivitate
1726 4279 1838 4354 quoad

182 4387 237 4449 die
247 4389 400 4451 conversi
411 4387 488 4448 sunt
495 4387 560 4449 tria
575 4383 692 4454 millia,
706 4386 740 4446 et
755 4384 822 4445 alia
837 4385 982 4462 3313333
1037 4400 1145 4460 33333
1168 4386 1362 4446 indicemini
1381 4382 1550 4443 virtutem
1568 4394 1615 4441 333
1633 4379 1701 4440 3113
1724 4376 1836 4456 (1333.

182 4485 307 4556 millia,
334 4486 516 4548 secundum
542 4484 629 4562 quod
658 4483 782 4545 dictum
806 4485 884 4543 est:
910 4499 928 4542 1
946 4483 983 4542 13
1038 4499 1133 4554 331,
1149 4480 1214 4562 49).
1238 4483 1278 4543 Et
1297 4480 1430 4558 quidem
1451 4479 1480 4539 si
1500 4477 1536 4538 13
1557 4493 1617 4538 ara
1639 4473 1748 4538 cordis
1769 4473 1837 4535 331

182 4601 347 4646 «omnem
361 4585 487 4646 terram
507 4583 613 4644 exivit
626 4597 728 4644 sonus
743 4596 876 4653 eorum,
899 4579 984 4642 3113
1040 4597 1199 4644 33333333
1228 4578 1316 4640 33331
1340 4576 1429 4653 ignis
1453 4575 1526 4648 ille,
1556 4589 1654 4652 quem
1676 4572 1837 4634 Dominus

183 4699 202 4744 s
218 4676 860 4758 133333113133331331333333»(Ρ3.
874 4679 922 4751 18,
937 4676 982 4756 5).
1038 4679 1130 4743 13311
1149 4678 1279 4740 mittere
1298 4677 1334 4737 13
1357 4678 1492 4746 133333,
1516 4673 1548 4733 31
1567 4673 1624 4749 331
1648 4683 1778 4747 333333
1801 4669 1837 4729 13

184 4783 223 4842 13
246 4780 309 4842 hoc
330 4797 410 4858 ergo
429 4779 675 4856 cognoscimus,
698 4776 784 4854 quod
806 4779 893 4838 Deus
915 4793 984 4854 prae
1039 4777 1138 4840 altari
1159 4792 1220 4837 suo
1236 4773 1383 4845 ardebat,
1404 4773 1441 4834 31
1457 4787 1500 4832 ex
1517 4770 1581 4831 hoc
1600 4769 1677 4844 igne
1696 4781 1838 4828 accensa

184 4879 261 4940 aliis
277 4879 396 4941 dilexit
413 4893 485 4951 333,
509 4877 587 4954 3313
611 4877 650 4938 13
672 4875 793 4953 3313113
814 4891 874 4936 333
896 4874 986 4936 dedit
1040 4876 1127 4939 esset
1139 4876 1287 4942 lucerna,
1301 4871 1429 4932 luceret
1440 4869 1499 4929 lux
1511 4883 1584 4929 mea
1597 4880 1710 4927 coram
1723 4864 1837 4925 homi-

184 4977 292 5040 33113.
1040 4972 1153 5046 31133,
1178 4969 1406 5049 glorificarent
1434 4971 1567 5028 Patrem
1595 4979 1691 5026 suum
1719 4961 1838 5041 quiin

226 5079 251 5138 0
266 5073 466 5153 profluvium
482 5071 634 5144 33313313,
652 5073 747 5149 cujus
765 5071 908 5149 impetus
922 5069 985 5132 lae·
1040 5072 1133 5135 coelis
1150 5071 1210 5132 est.

186 5175 290 5237 tilicat
305 5173 473 5236 civitatem
492 5173 567 5232 Deil
590 5173 614 5232 0
628 5169 813 5231 antidotum
826 5169 984 5242 salutare,
1080 5171 1166 5247 Ergo
1181 5167 1270 5241 1331,
1287 5165 1423 5228 Creator
1438 5160 1593 5240 Splritus,
1610 5157 1717 5236 quiin
1732 5159 1840 5234 Apos-

186 5290 250 5352 quo
266 5275 418 5335 Naaman
433 5271 508 5348 Syri
522 5271 615 5346 lepra
634 5267 823 5345 repellitur!
841 5267 987 5328 013911-
1040 5266 1262 5334 131331331311
1278 5261 1474 5331 Ρ333311133,
1491 5259 1620 5320 mentes
1636 5257 1768 5318 tuorum
1783 5253 1838 5314 vi-

188 5373 264 5435 cina
284 5387 450 5450 suprema,
473 5385 538 5446 qua
560 5383 675 5428 socrus
692 5366 793 5438 Petri,
816 5381 890 5442 333
910 5381 985 5426 ma·
1043 5369 1118 5438 sita,
1133 5366 1189 5444 qui
1203 5361 1367 5425 roborasti
1386 5356 1579 5428 Ε33133133,
1589 5354 1680 5431 33313
1694 5365 1839 5428 superna

187 5471 263 5548 gnis
280 5469 427 5532 febribus
443 5467 630 5538 tenebatur,
649 5465 804 5540 erigitur!
823 5463 987 5524 Oineffa-
1043 5466 1150 5542 gratia
1170 5479 1242 5541 qum
1259 5462 1295 5523 tu
1316 5455 1438 5520 creasti
1460 5455 1604 5533 pectora.
1622 5449 1683 5522 Qui
1703 5447 1839 5527 replesti

188 5569 267 5631 bilis
289 5569 411 5640 virtus,
440 5581 506 5646 qua
532 5564 675 5628 exeunte
697 5562 737 5624 de
762 5563 842 5624 iesu
868 5561 988 5622 mulier
1044 5563 1156 5626 orbem
1172 5563 1338 5624 terrarum
1357 5558 1390 5618 et
1406 5551 1575 5616 renovasti
1594 5548 1715 5620 omnia,
1737 5545 1842 5610 tacut

192 5667 405 5730 Hemoroissa
425 5665 578 5728 sanaturi
601 5663 712 5724 evita
732 5659 986 5734 inestimabilis
1044 5659 1141 5738 digne
1161 5660 1253 5723 tuum
1276 5653 1480 5718 celebrantes
1500 5639 1676 5711 adventum
1698 5659 1839 5706 manea-
