3992 6380
294 381 355 444 815
761 388 937 450 HONORII
959 388 1005 449 111
1026 387 1174 448 OPERA.
1191 417 1230 432 -
1247 385 1479 452 SERMONES.
1858 398 1899 486 pli

293 541 502 620 patientiam,
523 545 702 624 justitiam,
727 548 761 610 et
790 547 943 626 gratiam.
967 547 1094 610 Mundi·
1148 547 1311 624 quomodo
1327 546 1569 627 membraeius,
1584 545 1691 610 iudael
1704 547 1816 628 aliquid
1824 567 1897 632 repe.

294 641 389 715 tiam,
404 643 483 720 quia
495 644 581 706 sicut
602 645 675 708 sine
696 648 832 724 peccato
850 647 1028 724 conceptus
1043 648 1094 709 θεῖ
1147 646 1216 708 rire
1231 648 1385 723 possenti
1405 647 1467 708 Sed
1491 647 1565 724 pins
1590 646 1745 709 Dominus
1762 665 1818 710 nou
1834 651 1899 715 dedi

294 740 327 801 θῖ
351 741 461 814 natus,
486 741 533 804 ita
555 742 627 805 sine
650 745 786 821 peccato
806 744 891 806 vixit
907 745 1090 818 inmundo,
1147 745 1268 820 guatur
1282 760 1325 805 ex
1345 745 1475 806 ratione
1488 743 1663 806 ostendere
1678 759 1712 804 se
1733 752 1898 821 peccatorem

295 836 381 900 sicut
416 839 497 901 dicit
519 841 638 902 Petrus
667 842 703 902 in
734 841 880 919 Epistola
908 843 1090 904 canonica:
1147 857 1214 904 non
1228 857 1301 902 esse
1317 842 1430 904 diceus
1445 863 1452 903 ι
1469 845 1551 909 Oscis
1569 856 1616 903 es·
1632 845 1724 903 cobis
1736 847 1843 920 ergoet
1858 863 1897 908 ne

295 937 359 1000 Qui
369 937 547 1010 peccatum
561 939 731 1012 nonieeit,
747 955 810 1001 nec
823 943 918 1002 deins
932 941 1093 1002 inventus
1146 943 1187 1001 de
1199 940 1361 1015 peccator
1711 995 1712 998 ,

294 1032 345 1094 est
360 1037 397 1093 in
411 1049 473 1096 ore
487 1037 564 1106 ejns
586 1032 671 1115 (Pet.
696 1051 734 1105 11,
758 1034 824 1114 22).
848 1037 886 1098 Fit
901 1037 979 1098 licet
993 1037 1093 1099 tuerit
1186 1035 1322 1112 Triplex
1349 1036 1400 1098 est
1436 1035 1638 1114 peceatum:
1665 1034 1801 1113 primum
1825 1038 1900 1115 origi-

294 1128 440 1192 bumana
456 1147 557 1192 carne
571 1133 722 1205 vestitus,
747 1149 813 1195 uon
828 1133 890 1197 tuit
904 1135 1015 1196 tamen
1027 1135 1093 1194 hu·
1146 1133 1233 1207 nale,
1251 1133 1434 1195 secumdum
1457 1133 1646 1211 personale,
1670 1134 1797 1195 tertium
1817 1136 1901 1212 siugu-

293 1243 392 1288 mana
407 1227 587 1304 fragilitate
602 1230 757 1307 pollutus.
773 1231 866 1292 Unde
879 1232 949 1308 ipse
962 1231 1093 1294 dicebat
1145 1230 1226 1292 lare.
1241 1231 1412 1307 originale
1432 1231 1482 1294 est
1496 1230 1578 1292 illud
1593 1230 1628 1292 iu
1653 1246 1717 1309 quo
1732 1232 1900 1307 peccavimus

291 1325 429 1399 ludaeis,
441 1326 477 1386 in
492 1327 672 1404 Evangelio
683 1328 768 1406 quod
781 1329 1030 1395 audistisziinis
1044 1345 1091 1392 ecc
1146 1343 1272 1401 omnes,
1286 1329 1320 1391 et
1334 1345 1394 1406 pro
1409 1345 1474 1407 quo
1497 1329 1659 1391 morimur
1679 1328 1900 1390 universiler·

292 1425 386 1486 vobis
400 1426 594 1500 argentine
608 1427 1089 1502 clepeecatolQuasidiceret:
1145 1426 1260 1488 souale
1280 1426 1342 1500 est,
1360 1443 1435 1488 cum
1445 1429 1516 1504 jam
1535 1425 1658 1488 laxatis
1677 1424 1809 1486 habenis
1828 1427 1900 1487 exbi-

292 1523 426 1582 Nullus.
448 1523 533 1582 Nam
555 1523 718 1600 quomodo
746 1523 853 1586 Judaei
884 1524 1089 1595 salvatorem
1144 1523 1262 1586 bemus
1287 1524 1435 1602 undique
1453 1523 1601 1585 membra
1622 1525 1836 1594 nostra,arma
1853 1523 1900 1584 iui-

293 1615 409 1678 muudi
421 1617 462 1680 de
477 1619 611 1696 peccato
629 1635 770 1695 arguere
788 1622 933 1699 possent,
948 1622 977 1682 si
991 1623 1089 1699 priu—
1144 1622 1280 1698 quitatis
1291 1623 1439 1698 peccato,
1462 1637 1530 1682 uon
1550 1620 1647 1682 modo
1658 1623 1728 1697 jam
1747 1620 1850 1692 alieno,
1861 1622 1900 1682 set

293 1731 371 1791 ceps
386 1716 511 1785 mundi,
525 1717 622 1788 idest,
636 1717 787 1780 diabolus
802 1718 843 1779 ad
858 1735 934 1780 eum
951 1721 1090 1781 veniens
1145 1719 1278 1796 proprio
1291 1719 1431 1781 crimine
1445 1717 1666 1780 condemnati.
1680 1717 1903 1794 Singularepec·

294 1812 379 1874 nibil
394 1814 429 1874 in
443 1829 483 1875 eo
499 1814 763 1891 reprehensibile
776 1817 915 1889 invenit,
935 1817 1006 1893 ipso
1018 1819 1088 1880 Do·
1144 1817 1253 1878 catum
1281 1816 1516 1892 gravissimum
1538 1817 1588 1877 θεῖ
1612 1815 1700 1893 quod
1730 1817 1902 1877 commissum

294 1910 385 1972 mino
404 1911 498 1983 teste,
522 1911 578 1988 qui
600 1912 772 1990 discipulis
795 1913 902 1975 dixit:
919 1917 1001 1976 Jom
1020 1930 1090 1976 non
1143 1913 1242 1975 estin
1257 1914 1431 1976 Dominum
1453 1913 1648 1992 majestatis,
1666 1929 1740 1973 cum
1759 1911 1816 1974 riri
1832 1912 1899 1988 inp'·

292 2009 402 2070 mette
421 2014 541 2082 loquor
554 2013 744 2082 oobtscnm;
765 2011 859 2072 venit
874 2013 967 2072 enim
981 2015 1088 2084 priri-
1143 2012 1253 2074 virum
1290 2011 1416 2088 justum
1459 2011 1583 2088 injuste
1626 2009 1818 2072 occiderunt.
1852 2012 1902 2069 lloc

292 2117 372 2178 ceps
385 2108 506 2166 mnndi
519 2106 669 2179 bipnsct
683 2108 785 2168 inme
797 2121 866 2168 non
879 2107 978 2168 babet
991 2111 1091 2182 pnid-
1144 2109 1254 2170 tamen
1282 2109 1316 2170 et
1346 2109 1454 2186 ipsum
1491 2108 1634 2170 deletum
1668 2109 1721 2168 est
1748 2106 1900 2183 peripsum

292 2217 397 2276 qnam
412 2199 522 2280 (Joau.
537 2217 607 2274 x1v,
620 2201 686 2280 30).
1144 2206 1200 2286 qui
1224 2221 1260 2268 εθ
1284 2207 1455 2283 peccatum
1476 2205 1565 2278 tecit,
1577 2205 1614 2266 ut
1632 2204 1672 2265 de
1700 2205 1822 2280 peccato
1834 2203 1902 2263 dan-

332 2297 492 2376 Princeps
515 2299 615 2377 hujus
634 2299 748 2361 mundi
776 2299 927 2364 diabolus
948 2303 1009 2374 est,
1033 2303 1089 2380 qui
1143 2303 1250 2364 maret
1264 2302 1446 2379 peccatum.
1470 2303 1534 2363 Per
1556 2301 1620 2362 hoc
1648 2300 1900 2376 enimomuepec-

291 2395 328 2455 in
342 2396 481 2457 Domino
495 2398 575 2458 Jesu
590 2397 674 2457 nihil
693 2398 832 2472 invenit,
846 2399 942 2472 idest,
960 2400 1088 2461 nullum
1143 2402 1252 2462 catum
1276 2399 1345 2462 tam
1370 2399 1533 2476 originale
1559 2413 1657 2474 quam
1680 2397 1842 2474 personale
1859 2397 1901 2455 de·

292 2492 428 2553 omniuo
442 2493 623 2570 peccatum,
649 2495 726 2572 quia
746 2495 802 2572 qui
817 2495 897 2558 tacit
917 2499 1088 2574 peccatum
1143 2497 1245 2559 letum
1255 2497 1315 2569 est,
1332 2496 1365 2558 et
1378 2497 1486 2574 ipsum
1502 2511 1631 2573 quoque
1647 2493 1810 2570 singulare
1821 2508 1901 2570 perse

293 2605 411 2650 servus
426 2590 477 2651 est
488 2591 625 2668 peccati.
639 2593 724 2652 Nam
739 2593 817 2670 quia
831 2595 902 2670 ipse
916 2595 1088 2670 ingressus
1143 2595 1251 2673 ipsum
1265 2593 1472 2656 eliminatum
1486 2595 1546 2655 est.
1567 2596 1651 2654 Ecce
1664 2591 1825 2668 peccatum
1836 2591 1900 2650 mul-

294 2686 345 2747 θεῖ
359 2686 518 2748 mundum
531 2688 604 2750 sine
619 2690 761 2761 macula,
782 2693 816 2752 et
833 2692 1005 2768 peccatum
1022 2708 1088 2755 non
1142 2693 1251 2754 torum
1266 2691 1342 2754 tulit
1354 2691 1387 2752 et
1407 2707 1467 2768 pro
1482 2687 1782 2768 transgressoribus
1793 2687 1900 2764 rogarit,

292 2782 382 2855 tecit,
407 2784 643 2848 necinventus
666 2789 715 2850 est
741 2787 836 2849 dolus
860 2789 895 2850 iu
921 2805 979 2851 ore
1003 2793 1087 2868 ejus,
1143 2792 1257 2850 utnon
1273 2789 1440 2866 perirent:
1460 2789 1581 2859 Pater,
1601 2791 1739 2864 ignosce
1759 2789 1827 2857 iilis,
1844 2787 1902 2858 onii

292 2880 446 2959 princeps
469 2882 569 2961 bujus
599 2885 712 2946 mundi
744 2901 811 2947 non
844 2886 960 2949 habuit
985 2888 1021 2949 in
1049 2902 1089 2950 eo
1142 2886 1534 2961 nescientquidsoeinnt
1547 2883 1640 2963 (Luc.
1656 2899 1753 2955 xxmr,
1766 2881 1823 2960 34).

293 2979 483 3057 quidquam,
507 2981 584 3057 quta
603 2981 638 3042 in
663 2981 816 3043 omuibus
838 2983 994 3045 membris
1018 2986 1088 3047 suis
1182 2982 1392 3045 Hincmultae
1401 2977 1901 3058 miseriaecorporis3bincmultae

293 3091 412 3153 passus
434 3077 494 3145 est,
518 3077 553 3138 ut
576 3078 690 3140 nostra
709 3079 821 3141 omnia
841 3083 1025 3157 repararet.
1049 3082 1089 3145 Εῖ
1143 3081 1287 3142 miseriae
1302 3079 1517 3154 cordis3bino
1532 3078 1682 3153 dolores;
1703 3076 1900 3138 hincmisera-

293 3172 391 3233 iubis
406 3173 682 3236 tamenomnibus
698 3177 973 3253 peccatanostra,
990 3178 1086 3252 idest,
1142 3179 1263 3240 tiones.
1289 3177 1528 3242 Misericordiae
1564 3177 1698 3238 Domini
1725 3175 1842 3246 multe,
1861 3172 1900 3232 sed

260 3329 261 3332 ,
291 3283 423 3347 poeuam
451 3271 660 3348 peccatorum
686 3273 874 3336 nostrorum
899 3275 1034 3352 pertulit
1052 3277 1102 3338 in¹
1143 3273 1899 3350 miseriaeDominimultae.llleclamatztprnscet

293 3383 431 3445 corpore
444 3385 515 3430 suo.
529 3371 604 3432 Nou
620 3371 794 3433 enimcum
808 3375 943 3450 peccato
953 3377 1041 3436 Deus
1054 3375 1088 3436 in
1141 3373 1248 3436 Judaei
1262 3394 1269 3434 ε
1286 3373 1459 3448 ancittae.
1469 3371 1587 3432 Molliti
1599 3371 1676 3433 suut
1689 3385 1843 3432 sermones
1849 3370 1899 3444 ejus

291 3464 382 3527 hunc
396 3467 553 3528 mundum
566 3469 714 3541 venerat,
738 3471 771 3531 θῖ
788 3472 890 3533 Beata
904 3472 1007 3549 Virgo
1021 3489 1087 3535 non
1143 3471 1229 3533 sicut
1254 3469 1375 3542 oleum,
1391 3471 1424 3531 et
1435 3469 1499 3546 ipsi
1514 3470 1592 3530 sunt
1605 3469 1741 3529 saecula.

292 3564 423 3640 peperit
434 3579 567 3626 carnem
581 3567 719 3642 peccati,
737 3567 794 3628 sed
813 3568 940 3645 peperit
954 3585 1088 3632 carnem
1182 3568 1232 3629 Ob
1245 3567 1407 3628 charitas!
1420 3566 1550 3642 patiens
1562 3565 1622 3635 θεῖ,
1639 3564 1772 3626 suflicit
1785 3561 1901 3624 Charitas

291 3660 327 3720 in
349 3661 599 3723 similitudinem
623 3664 734 3724 carnis
755 3666 893 3741 peccati,
919 3667 997 3742 quia
1016 3668 1088 3745 ipse
1141 3665 1285 3740 benigna
1298 3664 1358 3736 est,
1374 3663 1525 3724 cumulus
1539 3663 1601 3725 est.
1615 3661 1695 3724 Noli
1705 3657 1900 3726 vinciensis:

292 3756 382 3815 solus
407 3756 549 3818 estsine
568 3759 714 3833 peccato,
738 3760 816 3835 quia
838 3763 1015 3839 conceptus
1039 3763 1089 3826 est
1142 3757 1899 3825 charitasabundans.Sedviuceinbonomalum

290 3851 332 3913 de
359 3853 486 3930 Spiritu
515 3855 646 3928 Sancto,
670 3857 789 3932 angelo
819 3858 1006 3930 attestante,
1031 3861 1087 3939 qui
1142 3857 1427 3937 superabundans.
1455 3859 1530 3920 Non
1551 3859 1641 3920 euim
1668 3860 1742 3920 sola
1762 3855 1897 3935 patentia,

289 3949 337 4011 ait
351 3971 359 4009 ε
372 3951 525 4025 Spiritus
533 3955 680 4015 Sanetus
695 3957 915 4029 superveniet
934 3961 970 4020 in
990 3959 1023 4020 te
1026 4001 1085 4019 .....
1142 3957 1199 4020 sed
1215 3956 1404 4032 benignitas
1419 3957 1479 4017 Dei
1493 3956 1626 4017 iudaeos
1646 3956 1688 4017 ad
1711 3951 1899 4034 poeniteutiam

290 4044 384 4125 (Luc.
401 4064 424 4120 1,
440 4047 506 4128 35).
523 4051 619 4122 Nam,
635 4051 709 4113 etsi
723 4051 820 4115 homo
835 4053 922 4116 inter
936 4055 1086 4118 homines
1141 4052 1291 4126 adduxit,
1307 4053 1386 4130 quia
1407 4052 1552 4129 benigna
1577 4054 1726 4115 ebaritas
1741 4054 1829 4114 etiam
1842 4061 1900 4125 quos

289 4147 454 4223 apparuit,
471 4147 559 4210 iuter
577 4148 677 4226 bujus
698 4150 812 4211 mundi
826 4151 933 4214 motus
950 4152 1086 4215 immota
1140 4151 1270 4222 tolerat,
1287 4151 1388 4211 amat.
1405 4150 1541 4212 Patiens
1566 4149 1715 4211 charitas
1739 4143 1899 4212 dissimulat,

288 4244 431 4320 vestigia
446 4245 602 4308 servavit.
620 4246 683 4306 Sed
699 4248 859 4323 quaeritur
876 4265 920 4310 au
936 4250 1085 4312 Christus
1141 4248 1304 4327 expectat,
1313 4245 1780 4324 sustinetdelinquentem3sed
1788 4243 1900 4316 benigna

288 4341 325 4402 in
340 4341 591 4404 similitudinem
604 4343 715 4404 caruis
727 4347 865 4420 peccati,
883 4347 924 4408 de
946 4348 1085 4411 muliere
1139 4348 1253 4420 trahit,
1269 4345 1416 4419 adducit,
1425 4344 1574 4406 converti
1588 4343 1668 4405 iacit
1691 4345 1733 4404 ab
1745 4355 1845 4404 errore
1855 4333 1900 4395 lit

289 4457 409 4520 corpus
423 4443 614 4520 assumpsit,
631 4443 663 4505 et
680 4458 746 4504 non
761 4443 870 4520 potius
885 4459 928 4504 ex
940 4445 1006 4506 alia
1021 4444 1084 4507 sibi
1140 4462 1219 4507 suae.
1237 4445 1385 4523 Denique
1400 4443 1549 4520 cooperit
1564 4441 1803 4503 multitudinem
1815 4448 1901 4516 pecca·

241 4559 242 4562 ¹
288 4541 428 4602 materia
448 4557 570 4603 novum
603 4557 722 4618 corpus
751 4541 915 4614 formavit,
942 4543 978 4605 ut
1000 4544 1086 4606 sicut
1139 4545 1258 4606 torum.

287 4637 394 4701 iactus
426 4637 534 4701 suerat
561 4638 687 4716 primus
715 4639 831 4709 Adam,
866 4639 912 4701 ita
936 4640 1032 4703 fleret
1052 4643 1085 4704 et
1178 4640 1368 4702 Notandum
1378 4638 1439 4712 est,
1456 4638 1541 4715 quod
1557 4653 1629 4708 uos,
1646 4638 1704 4714 qui
1725 4634 1795 4714 puri
1815 4641 1899 4694 sumus

287 4736 463 4797 secundus.
481 4739 505 4799 0
520 4737 663 4798 altitudo
681 4737 886 4798 divitiorum
903 4741 1084 4813 saptentiae
1138 4739 1301 4810 homiues,
1327 4737 1499 4813 arguimur
1521 4735 1700 4812 aliquando
1721 4751 1741 4795 a
1762 4735 1830 4802 Deo,
1851 4725 1898 4787 ali-

286 4835 320 4894 et
340 4835 494 4895 scientiae
505 4835 579 4905 Dei,
607 4849 711 4907 quern
731 4837 1084 4908 incomprehensibilia
1138 4836 1305 4914 quandoa
1321 4833 1673 4912 proximo,aliquando
1689 4831 1812 4894 anobis
1830 4823 1897 4902 ipsis.

285 4930 507 5002 siirztjndieia
517 4932 644 5002 cjunet
653 4933 906 5008 investigabites
915 4935 982 4993 otte
991 4937 1083 5007 ejus!
1137 4934 1322 5010 Arguimur
1342 4948 1362 4993 a
1385 4933 1453 4993 Deo
1482 4929 1610 4992 duobus
1644 4930 1763 4998 modis,
1792 4926 1850 4986 sire
1870 4917 1898 4979 id

285 5030 368 5095 onis
392 5027 549 5102 cognovit
569 5042 710 5089 sernum
736 5031 886 5099 Domini,
919 5031 980 5090 ent
1006 5035 1083 5105 gnis
1138 5030 1412 5102 emendationem,
1439 5028 1511 5090 sive
1523 5026 1563 5088 ad
1580 5027 1844 5105 reprobationem.
1865 5013 1898 5077 al

284 5127 505 5188 concitantes
523 5129 599 5199 eins
623 5122 914 5203 mitt(li0m.x1,
939 5127 989 5198 33,
1015 5127 1080 5206 34).
1137 5129 1421 5198 enwndctionenc,
1439 5126 1524 5187 sicut
1550 5125 1709 5202 scriptum
1733 5121 1825 5184 estin
1841 5113 1897 5179 lob:

285 5223 456 5300 Disposuit
476 5224 588 5286 tamen
617 5221 759 5284 coelestis
780 5221 918 5284 altitudo
938 5225 1079 5296 consilii,
1137 5227 1267 5287 Beotrts
1280 5230 1379 5288 bonno
1391 5227 1449 5298 qni
1461 5223 1653 5296 corripitur
1671 5226 1771 5283 cDeo
1795 5214 1896 5296 (iuba.

285 5324 320 5384 ut
336 5321 423 5384 sicut
448 5337 509 5398 per
529 5321 696 5382 foeminam
717 5334 806 5380 mors
825 5319 963 5383 intravit
975 5321 1009 5381 in
1024 5337 1082 5382 or·
1137 5321 1281 5402 17).Hoe
1291 5321 1388 5383 modo
1401 5322 1573 5398 correptus
1584 5319 1634 5381 est
1646 5318 1835 5391 Davidcun
1846 5307 1898 5386 posi

283 5421 369 5494 bem,
395 5421 443 5482 ita
466 5435 527 5496 per
549 5418 722 5479 mulierem
741 5418 810 5479 vita
829 5417 954 5480 rediret
973 5419 1007 5479 iu
1023 5435 1082 5480 or-
1137 5421 1349 5482 commissum
1372 5417 1607 5480 adulteriuma
1626 5417 1782 5494 propbeta
1801 5403 1898 5471 aedicit

282 5520 368 5592 bern,
385 5519 422 5580 ut
435 5517 522 5579 unde
546 5531 633 5577 mors
653 5515 831 5588 oriebatur,
851 5516 928 5578 iude
943 5518 1012 5580 vita
1026 5534 1083 5580 ro-
1136 5518 1222 5596 quod
1237 5519 1290 5580 vir
1304 5518 1421 5580 mortis
1447 5516 1544 5578 θεεθῖ.
1572 5514 1635 5576 Sed
1657 5515 1728 5575 haec
1741 5502 1897 5582 redargutio

284 5617 445 5694 surgeret.
475 5618 610 5683 Verum,
646 5613 675 5673 si
708 5613 854 5674 omnium
890 5613 1080 5690 iniquorum
1136 5633 1201 5678 non
1215 5617 1245 5677 ei
1261 5615 1302 5677 ad
1316 5615 1624 5693 reprehensionem,
1642 5613 1697 5674 sed
1711 5610 1751 5672 ad
1765 5602 1894 5671 emenda·

283 5716 382 5793 caput
409 5713 560 5775 diabolus
588 5711 624 5771 iu
652 5711 824 5775 salvatore
859 5710 905 5772 nil
942 5714 1076 5790 reperit,
1135 5716 1259 5776 tionem
1275 5714 1361 5776 tacta
1376 5713 1437 5786 est,
1464 5713 1544 5791 quia
1561 5712 1671 5774 statim
1686 5707 1841 5788 peccatum
1853 5710 1897 5777 pel
