4122 6308
75 331 126 391 957
505 325 551 386 IN
574 323 704 386 FESTO
726 325 1029 388 Punrucosrsss.
1054 327 1194 389 SERMO
1217 330 1272 389 ΙΙΙ.
1658 339 1718 402 958

109 493 141 551 lu
160 486 307 550 exordio
322 485 435 549 Sancti
455 488 637 564 Evangelii,
652 485 738 564 quod
754 475 869 559 modo,¹
921 485 1118 549 totcmccte
1130 489 1191 550 tua
1210 485 1319 568 (Dent.
1344 505 1389 565 vr,
1406 489 1452 572 5).
1470 491 1519 555 Ex
1538 485 1718 561 totocorde

75 587 194 658 iratres,
228 586 391 658 audistis,
423 587 492 647 tres
524 586 665 647 virtutes
697 585 862 656 notantur,
919 584 987 656 tuo,
1008 583 1105 657 idest,
1130 585 1300 650 intellectu
1329 587 1401 650 sine
1424 596 1602 665 errorent
1627 595 1712 657 nihil

76 687 137 744 sine
151 682 279 761 quibus
298 699 358 744 nec
378 681 513 743 exhibet
531 683 629 743 bomo
648 684 716 743 Deo
731 681 865 759 placeris
920 683 1035 743 credas
1051 682 1171 744 salsum
1189 684 1230 745 de
1245 687 1332 760 Deo;
1358 703 1400 748 ex
1422 690 1492 752 tota
1515 691 1625 752 anima
1641 693 1709 766 tua,

76 780 277 858 obsequium,
295 796 358 841 nec
372 796 392 841 a
404 782 471 841 Deo
488 780 562 856 quis
577 778 717 856 percipit
731 779 865 841 aeternae
921 779 1015 851 idest,
1041 795 1084 840 ex
1104 781 1172 843 tota
1192 781 1273 855 uita,
1308 785 1435 848 scilicet
1460 787 1533 849 sine
1566 789 1710 863 fictione,

72 881 179 956 gloriae
203 878 413 940 donativum.
438 876 550 938 Virtus
576 876 682 953 prima
710 876 761 938 est
785 875 865 936 cha·
921 878 956 939 ut
970 893 1100 954 semper
1129 878 1249 955 diligas
1274 883 1395 954 Deum,
1421 884 1454 946 et
1484 887 1610 948 nullam
1642 903 1713 950 rem

73 979 157 1050 ritas,
180 974 334 1038 secunda
361 973 560 1046 obedientia,
586 974 685 1035 tertia
710 987 867 1051 perseve-
920 976 1026 1037 amori
1047 978 1120 1053 ejus
1142 993 1336 1056 praeponam
1359 995 1402 1041 ex
1422 983 1490 1044 tota
1512 985 1711 1057 mentetua,

74 1077 184 1137 nantia.
221 1073 381 1135 Secunda
415 1071 456 1133 de
490 1073 597 1149 prima
627 1072 788 1145 nascitur3
823 1085 866 1132 ex
920 1072 1006 1135 idest
1027 1075 1198 1147 memoria,
1222 1075 1359 1150 scilicet,
1384 1079 1456 1140 sine
1483 1080 1660 1155 oblivione,
1678 1085 1715 1144 ut

73 1171 323 1250 utraquetertia
344 1171 531 1246 generatur.
548 1169 744 1231 insecundo
760 1168 865 1246 prima
919 1186 1100 1248 numquam
1135 1172 1342 1236 obliviscaris
1379 1177 1497 1249 Deum,
1535 1178 1592 1239 sed
1627 1195 1717 1241 sern-

75 1269 294 1346 coguoscitur,
308 1269 345 1330 et
364 1267 481 1330 matris
507 1267 637 1345 species
657 1267 693 1328 in
716 1266 785 1327 iilia
804 1280 867 1327 no-
921 1283 980 1344 per
991 1268 1108 1330 credas
1122 1269 1183 1331 tibi
1198 1285 1274 1332 eum
1285 1287 1358 1334 esso
1370 1276 1577 1350 praesentem,
1594 1293 1717 1339 secun-

75 1371 164 1431 qqffi
920 1365 1093 1428 dumillud
1109 1368 1293 1430 Psalmistae
1309 1391 1316 1429 :
1332 1362 1583 1434 ‹Providebam
1597 1375 1714 1436 Domi-

112 1463 336 1537 Quaerendum
355 1461 456 1525 nobis
482 1462 547 1534 est,
576 1476 680 1539 quare
706 1461 865 1522 Dominus
920 1463 1034 1524 uumin
1048 1466 1226 1540 conspectu
1238 1481 1312 1528 meo
1324 1481 1497 1545 semper.»

71 1563 188 1624 dixerit
212 1562 258 1624 de
279 1560 455 1623 dilectione
478 1581 486 1620 t
508 1563 549 1622 St
569 1564 645 1634 quts
668 1559 777 1634 unqu
797 1573 863 1630 me,
960 1559 1152 1636 Diligendus
1167 1563 1217 1623 est
1238 1562 1338 1624 etiam
1360 1566 1447 1626 Deus
1470 1566 1579 1641 corde,
1596 1582 1664 1642 ore,
1680 1570 1714 1632 et

75 1676 140 1720 cum
153 1660 265 1721 multa
278 1658 344 1720 sint
357 1657 425 1719 alia
439 1660 511 1734 ejus
533 1657 708 1734 praecepta.
731 1655 867 1734 Triplex
920 1671 1034 1734 opere,
1051 1661 1162 1731 corde,
1187 1675 1247 1736 per
1267 1660 1475 1723 devotionem
1490 1655 1716 1741 superomnia

72 1773 168 1818 causa
197 1755 349 1818 occurrit
382 1755 465 1816 mibi
494 1776 502 1815 :
532 1753 644 1818 Prima
675 1768 775 1814 causa
804 1754 864 1826 θεῖ,
919 1754 1185 1830 diligendo;ore,
1200 1773 1259 1833 per
1272 1757 1514 1840 confessionem
1529 1776 1630 1837 super
1643 1778 1713 1824 om·

77 1855 145 1931 quia
159 1855 225 1916 hoc
241 1855 443 1931 praeceptum
460 1853 516 1914 est
533 1851 666 1928 dignius
678 1851 818 1922 cutem,
834 1852 867 1912 et
920 1852 977 1913 nia
995 1853 1229 1929 collaudando;
1252 1869 1367 1929 opere,
1387 1871 1447 1932 per
1467 1858 1714 1922 accurationem

75 1951 227 2029 quidquid
252 1951 330 2012 boni
352 1950 388 2012 ut
409 1950 481 2010 sine
514 1949 691 2012 dilectione
720 1949 790 2021 Dei,
818 1947 866 2010 nil
921 1949 1141 2026 superomnia
1156 1951 1357 2014 famulando.
1378 1955 1474 2029 Ergo,
1500 1955 1556 2031 qui
1570 1957 1713 2032 diligtiis

77 2049 211 2125 prodest.
237 2047 375 2109 Nullum
394 2047 517 2108 malum
532 2047 569 2108 iit
590 2063 664 2107 cum
690 2046 867 2108 dilectione
920 2051 1041 2120 Deum,
1062 2048 1116 2110 vel
1135 2049 1274 2121 timetis,
1300 2050 1385 2112 sicut
1404 2050 1484 2112 dicit
1501 2052 1715 2114 Ecclesiasti-

78 2147 138 2207 lioi.
160 2145 306 2208 Dilectio
320 2145 380 2207 bei
399 2144 498 2206 etiam
517 2145 573 2205 est
589 2144 699 2205 mater
720 2143 866 2206 omnium
921 2146 1130 2218 concredito
1146 2150 1204 2218 ttlt,
1219 2147 1253 2208 ct
1267 2161 1336 2209 non
1349 2150 1572 2211 conmuniter
1583 2166 1717 2214 merces

76 2244 243 2314 uirtutum,
264 2243 311 2304 ita
339 2242 376 2304 ut
400 2239 492 2302 nulla
514 2241 621 2304 virtus
646 2242 720 2302 sine
739 2241 800 2302 illa
824 2240 870 2302 sit
920 2243 1040 2304 oestro
1061 2241 1112 2322 (11,
1135 2241 1180 2323 8).
1197 2245 1236 2305 lot
1255 2243 1343 2305 idem
1351 2261 1398 2305 :o
1419 2246 1481 2318 Qui
1494 2245 1643 2322 diligitis,
1662 2247 1717 2309 vel

79 2341 184 2402 mous.
195 2341 296 2402 Unde
303 2339 545 2417 Apostolus:St
554 2341 681 2414 linquis
690 2341 868 2401 bominum
921 2356 940 2399 q
964 2340 1085 2402 timetis
1099 2343 1202 2402 Deum
1214 2343 1345 2417 sperate
1355 2343 1390 2402 in
1400 2342 1507 2415 illum,
1525 2347 1557 2405 et
1564 2343 1599 2404 in
1613 2345 1721 2406 oblec-

80 2443 189 2511 loqucr
212 2440 251 2501 et
272 2443 477 2514 angelorum
497 2435 528 2516 (l
550 2438 624 2498 Gor.
649 2451 723 2509 11111,
740 2435 784 2513 1).
807 2439 869 2497 Se-
920 2437 1086 2498 «tatioue
1114 2439 1227 2498 veniet
1250 2438 1344 2499 vobis
1380 2439 1625 2515 misericordia;
1661 2443 1718 2518 qui

81 2535 177 2598 cunda
209 2551 316 2598 causa
341 2534 391 2596 est
413 2533 546 2596 utilitas
568 2534 667 2611 hujus
698 2535 866 2610 praecepti,
921 2532 1214 2606 «timetisbeum,
1231 2533 1360 2610 diligite
1374 2533 1488 2610 illum;
1505 2527 1720 2599 stillumins-

81 2633 159 2707 quia,
182 2633 273 2694 sicut
293 2631 341 2694 ait
363 2631 480 2692 boatus
502 2630 697 2692 Ambrosius
711 2646 751 2690 :e
775 2629 868 2691 Nihil
921 2647 941 2690 ·‹
961 2629 1084 2692 buntur
1098 2631 1322 2694 cordavestra
1337 2649 1356 2692 1
1371 2629 1486 2711 (tiocli,
1502 2648 1538 2706 11,
1552 2635 1582 2706 9,
1600 2633 1664 2714 10).
1678 2635 1720 2696 Et

78 2729 139 2789 tam
157 2730 242 2791 utile
255 2729 315 2800 θεῖ,
332 2743 430 2806 quam
444 2727 584 2804 diligere
598 2731 719 2803 Deum;
735 2727 783 2789 nil
801 2729 868 2790 tam
923 2728 1071 2789 Paulus:
1091 2730 1315 2805 propenticon
1331 2733 1442 2791 deum
1465 2734 1582 2793 munio
1599 2745 1720 2807 θοορθ-

81 2824 198 2901 iuutile,
217 2841 317 2904 quam
338 2841 407 2886 non
426 2839 539 2886 amare
553 2827 667 2886 Deum.
692 2826 763 2886 »Si
780 2826 868 2886 enim
922 2826 1054 2886 rantur
1077 2829 1115 2887 tn
1139 2829 1263 2888 1101111111
1291 2825 1399 2906 (Rom.
1427 2841 1499 2900 1111,
1529 2825 1595 2908 28).
1626 2828 1720 2890 Unde

83 2937 184 2984 omnes
210 2923 364 2984 homines
379 2923 525 2984 invicem
540 2938 576 2984 se
595 2921 781 2998 diligerent,
798 2937 870 2984 om-
887 2951 890 2960 ·
922 2924 1068 2984 ioannes
1083 2923 1318 2998 Evangelista:
1335 2939 1355 2984 e
1368 2923 1437 2985 Nos
1447 2939 1527 3000 ergo
1541 2923 1720 3001 diligamus

78 3019 300 3097 niaprospera
319 3020 500 3092 evenirent,
515 3019 548 3080 et
562 3019 729 3097 essetpax·
742 3035 869 3081 summa
924 3022 1066 3080 «boum
1090 3019 1246 3096 quoniam
1271 3020 1346 3097 ipse
1369 3021 1463 3098 prior
1492 3021 1610 3083 dilexit
1643 3038 1717 3084 nos.

83 3115 145 3176 siue
158 3117 251 3179 omni
272 3115 449 3178 discordia.
465 3115 577 3177 Tertia
592 3130 692 3176 causa
707 3118 768 3188 ost,
783 3115 869 3192 quod
924 3131 942 3176 s
965 3117 1000 3177 Si
1015 3117 1090 3193 quis
1099 3116 1233 3189 dixerit,
1253 3118 1409 3194 quoniam
1426 3117 1528 3194 diligo
1549 3121 1663 3192 boum,
1687 3119 1720 3182 st

80 3210 112 3271 in
136 3213 313 3276 dilectione
340 3213 402 3274 Dei
426 3227 526 3274 omne
551 3211 742 3274 mandatum
770 3211 871 3289 perii·
924 3213 1207 3275 oiratremsuum
1222 3212 1561 3288 oderitmendaxest,
1579 3217 1611 3278 et
1625 3217 1720 3278 veri-

78 3309 169 3383 citur,
182 3313 218 3372 ot
232 3326 329 3373 omne
344 3310 429 3388 quod
444 3312 494 3371 ost
505 3308 718 3386 prohibitum,
735 3324 802 3370 nou
816 3308 871 3370 ad·
924 3328 943 3371 s
965 3310 1016 3372 tas
1039 3311 1075 3371 in
1094 3325 1134 3372 eo
1157 3326 1224 3372 non
1240 3311 1303 3372 θεῖ.
1324 3314 1394 3374 Ηοθ
1408 3312 1598 3374 mandatum
1614 3313 1721 3374 habe-

80 3407 225 3470 mittitur.
240 3407 332 3469 Unde
346 3407 501 3470 Salomon
514 3428 521 3468 :
533 3407 650 3469 Fortis
662 3406 764 3468 estut
775 3420 871 3467 mors
924 3424 943 3468 r
965 3423 1037 3468 mus
1053 3409 1166 3480 abeo,
1180 3409 1218 3469 ut
1228 3409 1283 3484 qui
1299 3408 1408 3484 diligit
1429 3410 1542 3481 Deum,
1559 3410 1677 3485 diligat
1689 3411 1723 3472 et

82 3505 225 3577 discum
250 3508 351 3573 duro,
380 3505 470 3566 sicut
500 3506 668 3578 infernus,
698 3503 871 3564 oemutotio
925 3520 943 3563 s
965 3503 1151 3581 proximum
1175 3519 1282 3564 suum.
1306 3505 1368 3576 Qui
1394 3505 1504 3566 autem
1526 3521 1592 3566 non
1614 3505 1724 3582 diligit

86 3597 180 3678 (cant
195 3617 268 3674 um,
281 3600 333 3681 6);
349 3601 455 3674 tortis,
470 3599 506 3662 ut
524 3599 636 3662 omnia
650 3599 784 3662 vincula
798 3598 870 3660 ter·-
924 3615 944 3659 o
965 3600 1101 3662 tratrem
1120 3617 1216 3661 suum
1241 3615 1338 3677 quem
1358 3601 1459 3673 videt,
1487 3605 1602 3675 Deum,
1625 3619 1722 3680 quem

85 3711 155 3760 rena
177 3699 357 3774 dissolvat3
382 3698 476 3771 dure,
500 3698 536 3758 ut
558 3696 670 3758 omnia
698 3695 786 3758 mala
809 3711 892 3773 pa-·
925 3712 1031 3758 «non
1044 3697 1146 3769 ridet,
1160 3697 1322 3774 quomodo
1348 3698 1456 3774 potest
1475 3697 1638 3775 diligeret
1657 3698 1721 3780 »(1

85 3793 197 3858 1111111111·
208 3795 381 3858 sustineat.
925 3798 1022 3858 ioan.
1043 3809 1089 3867 rv,
1110 3795 1159 3866 19,
1171 3796 1222 3867 20,
1238 3795 1303 3874 21).
1318 3795 1414 3857 Unde
1424 3796 1580 3857 Salomon
1594 3817 1602 3857 ε
1616 3800 1725 3858 «0111-

120 3895 229 3955 Primo
257 3894 349 3956 enim
371 3891 422 3954 est
448 3891 581 3954 terrene
608 3891 811 3969 relinquere,
839 3892 874 3952 et
927 3893 962 3952 ni
977 3891 1127 3968 tempore
1139 3891 1248 3966 diligit
1265 3891 1320 3968 qui
1343 3893 1470 3953 amicus
1490 3893 1551 3965 est,
1575 3895 1608 3955 et
1621 3893 1725 3956 irater

88 3991 191 4064 postea
204 3991 292 4052 mala
305 3989 537 4067 aequanimiter
548 3988 721 4050 sustinere.
734 3988 874 4064 Propter
926 3987 1136 4062 inaugustiis
1152 3986 1413 4062 comprobatur»
1429 3985 1541 4065 (Prov.
1558 4001 1640 4058 11111,
1657 3990 1720 4069 17).

84 4083 149 4149 ilaec
177 4089 245 4150 duo
274 4087 355 4150 dicit
382 4086 559 4148 Psalmista
583 4105 591 4145 ε
618 4086 792 4147 Porcium
807 4097 874 4145 cor
928 4083 1022 4146 Unde
1036 4083 1250 4158 Augustinus.
1268 4083 1371 4144 «Non
1387 4084 1651 4146 autemcarnslis
1664 4087 1722 4148 sed

87 4197 205 4254 mum,
214 4188 317 4255 Deru,
327 4186 494 4260 peretum
504 4197 565 4244 cor
576 4196 693 4244 meum
704 4179 773 4260 (Ps.
784 4184 814 4254 7,
826 4180 872 4259 2).
928 4180 1113 4259 spiritualis
1123 4180 1276 4241 internos
1290 4178 1618 4243 debetessediloctio.
1630 4183 1724 4244 Ninil

88 4280 217 4344 Dilectio
232 4281 332 4343 etiam
347 4280 469 4342 dicitur
490 4278 586 4342 fortis
608 4278 645 4341 ut
667 4293 768 4350 mors,
784 4269 872 4356 quia,
929 4278 1110 4354 speciosius
1120 4279 1188 4338 Deo
1197 4275 1321 4338 virtute
1331 4275 1530 4350 dilectionis,
1543 4277 1627 4338 nillil
1640 4278 1726 4340 desi·

85 4379 118 4437 ut
130 4378 308 4457 aitssbeatus
328 4376 507 4452 Gregorius
524 4397 532 4436 =
548 4393 569 4436 s
583 4373 676 4437 Siout
695 4390 784 4436 mors
798 4389 875 4436 cor-
929 4375 1112 4437 derabilius
1133 4372 1265 4435 diabolo
1280 4372 1483 4435 extinctione
1507 4373 1689 4437 charitatis.
1706 4393 1725 4438 11

88 4487 141 4548 pus
167 4474 344 4544 interimit,
371 4474 420 4535 sic
450 4473 597 4534 charitas
633 4473 799 4534 hominem
834 4471 875 4534 ab
931 4472 1023 4536 Unde
1038 4470 1217 4548 Gregorius
1232 4471 1343 4543 :‹Qui
1358 4469 1466 4546 diligit
1478 4473 1591 4544 Deum,
1607 4473 1639 4535 et
1653 4476 1725 4550 ejus

84 4572 230 4649 appetitu
267 4570 499 4648 temporalium
538 4583 650 4634 rorum
688 4568 819 4631 occidit.
857 4585 876 4629 11
930 4569 1085 4632 mandata
1101 4567 1254 4639 custodit,
1275 4567 1312 4628 111
1336 4567 1428 4628 illius
1443 4568 1548 4629 corde·
1563 4570 1596 4630 et
1609 4570 1725 4630 Domi-

88 4669 274 4742 AErnulatio,
302 4667 399 4740 idest,
429 4666 578 4730 charitas
604 4667 657 4730 est
681 4665 764 4727 dura
792 4665 878 4728 sicut
930 4667 1106 4738 nuorenit,
1123 4667 1156 4727 et
1170 4664 1377 4726 mensionem
1396 4655 1495 4726 racio
1508 4666 1623 4743 Neque
1637 4667 1726 4728 onim

85 4763 242 4838 infernus,
270 4780 367 4842 quens
395 4764 496 4826 semel
524 4762 679 4835 tenuerit,
698 4779 877 4840 numquam
932 4764 1042 4842 posset
1051 4763 1225 4841 quisquam
1235 4761 1726 4840 diligeroDeum,sieumquem

85 4862 250 4942 relinquit,
267 4863 316 4924 sic
336 4861 390 4923 est
407 4861 564 4933 chorites,
581 4875 678 4938 quem
702 4862 803 4924 semel
822 4875 879 4921 ro-
932 4861 1041 4938 diligit
1054 4875 1121 4922 non
1135 4859 1245 4921 hahet.
1262 4861 1347 4935 Ergo
1362 4858 1463 4935 dilige
1478 4873 1564 4931 eum,
1579 4861 1636 4937 qui
1648 4859 1727 4924 iecit

88 4959 232 5036 pleuerit,
244 4959 470 5022 invincibilem
484 4957 602 5022 reddit.
615 4957 709 5020 Unde
719 4961 751 5019 et
762 4957 878 5020 boatus
931 4960 975 5031 te,
997 4959 1030 5020 et
1052 4956 1223 5019 ministros
1244 4958 1317 5033 ejus
1332 4971 1399 5017 non
1413 4955 1597 5034 delinquas.
1621 4959 1729 5036 Dilige

87 5059 275 5121 Ambrosius
297 5079 307 5119 r
331 5073 350 5117 e
370 5056 533 5128 Charitas,
548 5071 622 5133 quoe
635 5049 744 5117 deseri
759 5055 876 5132 potest,
932 5059 1047 5127 Deum,
1062 5054 1096 5115 et
1110 5054 1227 5114 invoca
1243 5066 1318 5113 eum
1339 5052 1375 5114 in
1398 5052 1505 5114 salute
1519 5055 1587 5115 11111.
1603 5056 1729 5119 »Unde

89 5169 252 5234 nunquam
264 5169 344 5217 vera
356 5153 462 5215 init.»
932 5153 1063 5214 dicitur·
1075 5152 1111 5212 111
1130 5150 1215 5214 libro
1235 5149 1414 5212 Clementis
1436 5172 1444 5210 ε
1471 5167 1490 5210 e
1518 5151 1660 5214 Stultum
1680 5157 1730 5217 θεῖ

123 5254 170 5316 lid
198 5253 262 5315 boc
289 5251 459 5314 sciendum
487 5251 548 5323 est,
574 5250 652 5328 quie
685 5248 817 5311 dilectio
842 5249 878 5310 in
933 5251 1021 5312 enim
1034 5249 1160 5327 aliquid
1174 5248 1248 5325 plus
1262 5263 1377 5308 amore
1390 5261 1489 5323 quam
1503 5249 1617 5309 Deum.
1634 5252 1730 5312 Men-

87 5349 212 5413 duobus
228 5347 393 5424 consistit3
411 5349 445 5410 111
456 5337 574 5409 'amore
588 5347 658 5420 Dei,
676 5347 710 5408 et
723 5347 876 5423 proximi.
932 5348 999 5411 tem
1007 5348 1107 5420 enirn,
1120 5361 1218 5423 quem
1228 5343 1407 5420 repleverit
1416 5345 1575 5406 memoria
1585 5348 1726 5420 Domini,

89 5451 184 5512 Amor
198 5447 259 5510 Uei
276 5449 311 5509 in
322 5446 429 5509 tribus
442 5445 580 5508 constat.
591 5443 685 5508 Unde
698 5445 731 5506 et
743 5444 777 5506 in
792 5446 879 5520 Lege
933 5445 1078 5522 maligno
1093 5444 1128 5505 in
1149 5457 1189 5504 ea
1205 5457 1270 5502 non
1283 5439 1416 5503 dabitur
1430 5440 1533 5504 locus.
1550 5442 1665 5514 »Quid
1679 5446 1729 5507 est

90 5545 245 5608 Dominus
257 5544 361 5607 dixit:
379 5546 506 5620 uulpes
516 5546 703 5605 Dominum
715 5543 814 5604 tuum
834 5557 880 5604 coc
934 5547 1073 5622 diligere
1094 5543 1209 5613 boum,
1226 5538 1292 5600 nisi
1312 5537 1430 5601 timere
1453 5539 1571 5616 ipsum,
1597 5539 1630 5601 et
1652 5556 1728 5602 ser-

91 5643 154 5708 τοῖο
180 5645 283 5705 corde
298 5643 366 5714 tuo,
381 5641 414 5702 et
429 5653 475 5702 cor
490 5641 561 5703 tota
575 5643 693 5702 animo
704 5640 775 5714 tuo,
786 5641 820 5702 et
834 5653 880 5702 coc
935 5657 1016 5705 vare
1027 5638 1137 5702 omnia
1150 5634 1305 5698 mandute
1320 5637 1392 5712 ejus
1402 5635 1415 5695 t
1427 5637 1467 5695 lit
1481 5634 1558 5711 quid
1573 5636 1623 5697 est
1637 5651 1730 5698 amor
