3992 6380
101 321 165 384 927
704 313 751 378 IN
772 313 906 376 FES'IU
925 309 1229 376 renumosrns.
1593 389 1597 396 ,
1684 310 1744 372 938

89 475 265 558 praecipue
284 474 441 550 ridentur
462 489 536 540 esse
561 473 713 553 legenda,
738 473 892 538 videlicet
945 471 1102 564 distincta
1132 463 1193 551 per
1223 473 1348 551 septem
1379 469 1440 544 illa
1473 471 1651 550 praecepta,
1669 485 1743 549 quae

85 578 234 654 tempus,
259 575 364 648 locus,
388 574 516 647 modus,
539 575 573 637 et
586 573 727 652 species.
749 575 891 650 Tempus
943 571 1090 632 secunda
1104 570 1218 632 tabula
1233 569 1434 632 continebat.
1451 569 1618 646 inquibus
1631 571 1744 632 osten-

88 673 315 746 Pentecostes,
331 672 419 734 unde
435 672 605 734 sciendum
627 672 689 744 est,
706 670 890 748 6616666-
944 667 1034 731 ditur
1045 668 1177 745 qualem
1193 683 1230 729 se
1245 667 1404 730 exhibere
1418 667 1537 730 debeat
1551 667 1649 728 bomo
1662 681 1743 742 erga

87 771 225 848 ceptum
246 770 309 832 mit
330 769 408 859 tiliis
423 769 526 832 Israel
540 785 562 830 a
576 771 643 830 Deo
660 783 720 846 per
740 769 889 844 Moysen,
944 765 1147 840 proximum,
1164 764 1437 842 quemadmodum
1460 765 1496 825 in
1521 763 1631 826 tribus
1653 779 1743 840 666)-

87 869 130 930 61
164 867 206 929 ab
238 867 343 929 altero
377 866 432 928 die
468 865 605 929 Pasclnae
637 864 892 926 numerarentur
944 861 1137 923 cedentibus
1165 861 1313 923 numeris
1339 861 1583 923 demonstratur
1611 861 1742 938 qualem

84 965 215 1042 septies
231 964 357 1041 septem
377 963 463 1036 dies,
485 963 572 1026 idest
589 961 809 1040 quadraginta
830 975 893 1022 ne·
945 973 981 1020 se
993 957 1152 1020 exhibere
1170 958 1289 1020 debeat
1302 959 1495 1034 bomoerga
1516 957 1630 1020 Deum.
1649 957 1742 1020 Unde

87 1077 179 1135 vem,
195 1061 229 1124 et
241 1060 289 1122 sic
303 1061 410 1123 altero
422 1060 476 1122 die
490 1059 715 1122 celebraretur
729 1057 891 1120 festivitas
945 1055 1096 1132 61661166
1106 1054 1220 1116 tabula
1233 1055 1320 1118 dicta
1333 1056 1400 1128 est,
1411 1055 1489 1132 quie
1504 1054 1742 1116 excellentiora

89 1159 320 1221 renueostes.
341 1157 451 1220 Judaei
469 1157 638 1220 celebrant
652 1156 750 1218 istam
763 1153 893 1217 festivi-
945 1151 1093 1214 continet
1113 1152 1279 1226 mandata,
1300 1167 1374 1230 qua
1398 1152 1566 1229 pertinent
1580 1152 1621 1212 ad
1636 1152 1743 1213 dilec-

87 1253 196 1314 tatem
219 1251 254 1312 in
277 1251 471 1313 memoriam
496 1251 584 1313 dates
605 1250 702 1326 legis,
725 1249 805 1329 quia
829 1247 890 1310 illii
944 1247 1069 1310 tionem
1090 1249 1161 1312 Dei.
1179 1249 1329 1312 86666616
1344 1251 1467 1322 autem,
1488 1251 1566 1326 quia
1582 1247 1742 1310 interiora

88 1347 198 1411 lsrael
221 1348 429 1426 egredientes
444 1363 487 1412 ex
506 1349 663 1426 AEgypto,
684 1347 898 1424 quinquage-
945 1348 980 1409 et
1002 1345 1155 1424 proxima
1187 1346 1261 1422 post
1289 1345 1361 1408 boec
1388 1346 1555 1422 praecepta
1580 1345 1739 1418 continet,

87 1445 180 1508 simo
196 1445 250 1508 die
264 1446 465 1524 acceperunt
485 1443 591 1522 legem
612 1444 649 1506 in
671 1444 782 1506 moute
797 1443 894 1515 Sina,
943 1457 1018 1520 quae
1032 1441 1199 1520 pertinent
1217 1443 1261 1504 ad
1279 1442 1490 1506 dilectionem
1505 1442 1659 1520 proximi.
1680 1443 1740 1504 Vel

87 1556 170 1618 quae
184 1541 240 1602 lex
253 1541 343 1602 esset
356 1540 462 1602 forma
473 1541 509 1602 et
522 1539 674 1602 doctrina
690 1553 815 1600 eorum.
944 1540 1052 1617 prima
1065 1539 1178 1602 tabula
1188 1539 1462 1619 dictiunculam
1473 1555 1514 1601 ea
1529 1539 1742 1602 continentur

134 1638 213 1699 Tria
233 1637 380 1700 continet
400 1637 456 1699 lex
475 1636 623 1714 scripta:
639 1635 815 1714 precepta,
835 1649 892 1696 sa-
945 1637 1125 1715 praecepta,
1150 1652 1227 1714 quae
1253 1635 1430 1699 insinuant.
1451 1636 1566 1698 fldem.
1589 1637 1742 1698 Secunda

85 1735 275 1807 craneum
292 1734 465 1812 promissa.
482 1736 519 1796 ln
533 1733 708 1812 praeceptis
727 1732 778 1796 est
795 1731 892 1794 meri·
945 1734 1071 1808 autem,
1093 1735 1174 1812 quia
1196 1734 1233 1796 i'n
1257 1749 1297 1796 66
1324 1733 1536 1796 continentur
1563 1735 1739 1811 praecepta,

88 1833 183 1906 tum·,
199 1832 234 1892 in
256 1831 428 1909 promissis
443 1832 494 1893 est
507 1832 700 1909 praemium
716 1829 752 1892 in
772 1844 890 1892 sacra-
944 1847 1018 1908 quae
1044 1831 1213 1894 instruunt
1232 1830 1274 1891 ad
1300 1830 1421 1894 bonam
1445 1831 1682 1907 operationem.
1704 1833 1742 1895 In

87 1929 215 1990 mentis
238 1929 289 1990 est
306 1927 521 2006 adjutorium.
536 1931 602 1990 Per
623 1928 786 2006 praecepta
807 1942 892 1988 666-
944 1927 1052 2006 prima
1063 1926 1188 2000 tabula,
1203 1927 1269 1989 tria
1284 1928 1361 1991 sunt
1374 1929 1550 2006 praecepte,
1564 1927 1653 2005 quia,
1670 1945 1743 2004 quae

85 2024 173 2086 dum
183 2025 292 2087 luerat
302 2025 344 2087 ad
355 2026 530 2102 promissa.
547 2025 612 2087 Sed
627 2025 705 2102 quia
719 2025 817 2086 bomo
831 2035 891 2101 per
945 2025 1009 2087 tide
1027 2025 1175 2089 creditur
1188 2025 1345 2100 Trinitas,
1363 2025 1414 2088 est
1432 2028 1530 2088 Deus.
1543 2027 1581 2086 ln
1596 2026 1742 2089 secunda

86 2139 131 2182 se
171 2122 323 2184 infirmus
358 2122 450 2195 erat,
486 2123 650 2185 venerunt
683 2124 890 2186 sacramenta
943 2123 1057 2186 tabula
1076 2126 1201 2202 septem
1222 2124 1300 2187 sunt
1320 2125 1496 2202 praecepta,
1510 2123 1589 2201 quia
1603 2123 1638 2184 in
1653 2139 1742 2200 666-

87 2219 203 2281 media
237 2219 325 2282 inter
357 2222 522 2298 praeceptn
552 2221 586 2284 et
612 2223 786 2299 promissa,
816 2237 890 2300 quae
944 2222 1031 2284 senti
1045 2222 1114 2284 vita
1133 2223 1273 2293 tantum,
1290 2237 1364 2298 quae
1384 2221 1511 2298 septem
1532 2220 1661 2282 dierum
1675 2220 1743 2280 cir·

88 2315 189 2376 illum
216 2316 413 2395 adjuvarent
445 2319 478 2382 et
511 2317 553 2379 ad
590 2321 755 2396 praecepta
784 2319 890 2397 perti·
945 2319 1020 2381 culo
1038 2319 1196 2392 volvitur,
1217 2319 1328 2381 cilicia
1350 2317 1566 2380 humanitatis
1589 2317 1741 2394 proximo

87 2413 223 2486 cienda,
239 2415 273 2476 et
286 2414 327 2476 ad
338 2415 504 2493 promissa
518 2414 708 2479 obtinenda.
726 2416 793 2478 Sub
816 2417 889 2494 lege
943 2415 1155 2478 exhibentur.
1170 2415 1248 2476 Tria
1263 2428 1343 2476 rere
1369 2413 1402 2476 et
1420 2415 1545 2490 septem
1567 2413 1742 2476 denarium

88 2511 240 2572 naturali
252 2527 359 2588 66666
379 2514 476 2575 66661
493 2515 713 2576 sacramenta.
728 2513 795 2576 Sub
817 2513 889 2590 lege
943 2512 1121 2591 complent,
1143 2511 1220 2588 quia
1239 2509 1420 2588 perlectum
1438 2508 1519 2573 iacit
1537 2509 1618 2571 lldes
1638 2511 1742 2580 recta,

84 2609 205 2668 autem
226 2609 356 2686 Scripta
369 2610 509 2686 utraque
522 2610 741 2687 multiplicata
755 2611 843 2683 sunt,
856 2611 891 2672 et
942 2610 977 2672 et
988 2609 1138 2686 operatio
1157 2607 1255 2670 bona.
1279 2609 1427 2670 Primum
1451 2608 1651 2686 praeceptum
1667 2605 1740 2684 pri-

87 2707 274 2782 praecepta,
308 2705 450 2778 scilicet,
484 2707 517 2768 et
551 2707 771 2769 sacramenta.
804 2709 889 2770 Nam
944 2721 1007 2768 mae
1020 2705 1144 2768 tabulae
1160 2705 1202 2766 ad
1221 2708 1325 2767 Deum
1338 2705 1471 2767 Patrem
1485 2705 1641 2782 pertinet,
1656 2703 1744 2768 sicut

86 2801 338 2878 cumprimum
364 2803 512 2865 medicus
539 2806 627 2864 Deus
655 2803 696 2864 ad
722 2805 889 2866 bominem
942 2804 1145 2882 praeceptum
1178 2801 1321 2880 primum
1355 2801 1509 2864 secundae
1545 2801 1667 2864 tabulae
1699 2801 1742 2862 ad

88 2897 256 2973 aegrotum
277 2899 460 2960 arraudum
479 2901 685 2974 accessisset,
700 2901 806 2964 totum
827 2917 888 2964 oc·
943 2900 1111 2962 hominem
1144 2902 1283 2978 patrem,
1314 2898 1350 2962 ut
1384 2901 1524 2976 utraque
1558 2898 1741 2977 paternitas

86 2995 273 3070 cupaverat
298 2995 445 3070 morbus,
465 2997 550 3074 quod
577 2999 681 3060 totum
709 2998 889 3075 reliquerat
943 2997 1100 3076 principii
1125 2996 1323 3058 auctoritate
1350 2995 1543 3057 honoretur.
1571 2998 1608 3057 ln
1634 2996 1742 3072 prima

88 3090 196 3151 salus.
219 3093 259 3153 nt
272 3092 426 3171 apposuit
449 3093 644 3171 incorpore
667 3095 799 3170 generis
824 3095 890 3156 hu·
943 3094 1056 3157 tabula
1068 3094 1247 3172 praeceptio
1259 3093 1320 3164 est,
1332 3093 1365 3155 et
1375 3092 1574 3170 probibiti03
1589 3091 1743 3154 similiter

88 3187 185 3248 mani
215 3188 378 3268 imprimis
399 3207 505 3268 pauca
535 3191 685 3254 antidota
713 3193 746 3254 et
773 3193 888 3270 paucis
942 3193 978 3254 16
993 3191 1149 3265 secunda,
1166 3193 1203 3252 ut
1221 3180 1409 3254 studeas‘ea
1423 3190 1534 3252 iacere
1553 3205 1627 3267 quae
1642 3189 1742 3252 debes

87 3283 258 3358 membris,
275 3286 414 3364 1666661,
436 3289 586 3365 personis
602 3289 728 3367 paucis,
746 3291 782 3352 ut
801 3306 888 3368 666-
943 3292 977 3352 61
988 3305 1107 3352 cavere
1118 3305 1193 3366 quae
1210 3305 1277 3350 non
1299 3287 1409 3352 debes.
1426 3289 1463 3349 ln
1477 3287 1582 3350 altero
1597 3289 1741 3365 namque

87 3380 186 3442 latim
200 3382 332 3445 morbus
346 3385 513 3456 deiiceret,
538 3387 572 3448 et
596 3386 688 3448 salus
712 3389 886 3450 cresceret
943 3387 972 3447 si
982 3386 1135 3453 offendis,
1145 3384 1301 3446 delictum
1312 3384 1537 3460 est3inalter0
1547 3385 1576 3445 si
1587 3383 1738 3457 offendis,

88 3479 212 3541 Postea
240 3480 300 3542 sub
334 3481 408 3558 lege
442 3483 583 3560 scripta,
611 3483 758 3545 remedia
792 3485 888 3563 plura
942 3482 1133 3561 peccatum:
1153 3481 1263 3543 lacere
1287 3481 1377 3542 enim
1392 3497 1458 3542 non
1479 3479 1632 3543 iacienda
1656 3497 1745 3558 pec·

85 3575 240 3650 contullit,
256 3578 290 3638 et
301 3576 414 3655 plures
429 3579 608 3656 reparavit
942 3581 1052 3642 catum
1067 3580 1138 3654 est;
1160 3577 1314 3642 facienda
1328 3579 1440 3640 autem
1463 3594 1530 3640 non
1553 3576 1668 3640 iacere
1687 3579 1749 3640 des

131 3671 200 3732 Sub
218 3672 292 3750 lege
313 3675 458 3737 naturali
473 3675 539 3738 duo
553 3678 720 3754 praecepta
740 3677 885 3752 fuerunt,
942 3676 1068 3738 lictum.
1082 3677 1167 3738 Nam
1182 3676 1215 3738 et
1228 3674 1288 3736 illa
1302 3675 1415 3736 decem
1437 3674 1593 3737 mandate
1606 3675 1642 3736 in
1657 3675 1747 3737 dua..

86 3766 125 3830 et
152 3768 217 3832 tria
238 3772 446 3834 sacramenta
470 3793 478 3832 r
503 3791 522 3834 r
547 3771 638 3847 Quod
662 3773 724 3836 tibi
750 3791 816 3836 non
836 3775 887 3837 vis
941 3773 1003 3836 bus
1030 3772 1153 3836 tabulis
1178 3772 1255 3833 sunt
1283 3771 1482 3848 conscripta.
1510 3774 1589 3844 Quae
1614 3771 1650 3834 in
1674 3789 1741 3844 una

88 3865 176 3938 fleri,
199 3866 258 3928 alii
282 3884 323 3929 ne
347 3868 477 3930 leceris.
502 3887 521 3930 n
544 3871 584 3931 Et
603 3891 611 3930 r
631 3873 888 3949 «Quacumque
941 3869 1030 3942 sunt,
1058 3869 1118 3932 bei
1146 3869 1358 3930 dilectionem
1391 3868 1572 3930 insinuant.
1595 3871 1741 3940 Quorum

86 3963 193 4026 sultis
217 3967 253 4026 ut
275 3965 400 4028 iaciant
422 3966 516 4028 robis
537 3966 700 4040 homines,
721 3968 836 4030 eadem
855 3969 888 4031 et
941 3967 1084 4044 primum
1102 3965 1229 4043 spectat
1253 3964 1295 4026 ad
1314 3965 1447 4026 Patrem
1471 3985 1479 4024 ε
1501 3968 1581 4028 Non
1605 3969 1742 4028 babebis

87 4077 152 4123 ros
165 4061 261 4123 facite
278 4062 476 4124 1111666616
495 4066 723 4126 sacramenta:
736 4064 884 4141 decima,
940 4067 1052 4125 Deum
1063 4066 1215 4125 61166666
1227 4060 1346 4141 (Exod.
1361 4075 1419 4134 xx,
1430 4059 1477 4140 3).
1496 4062 1682 4124 Secundum
1697 4063 1740 4126 ad

86 4157 276 4220 oblationes
291 4161 324 4221 et
338 4160 716 4223 sacrificiabecimaein
730 4162 888 4239 portioni·
942 4159 1063 4222 Filium
1083 4180 1092 4220 ε
1114 4163 1194 4223 Nou
1214 4165 1371 4221 66666666
1393 4173 1519 4221 nomen
1541 4161 1607 4222 Det
1630 4161 1681 4221 tut
1703 4165 1745 4223 tre

86 4255 163 4329 bus,
186 4255 369 4318 oblationes
391 4259 425 4319 in
450 4257 561 4331 rebus,
581 4258 748 4321 sacrificia
762 4259 796 4322 in
812 4259 888 4321 ani·
940 4273 1070 4320 vanum
1088 4255 1182 4336 (ibid.
1198 4271 1256 4329 xx,
1272 4253 1318 4335 7).
1334 4255 1485 4320 Tertium
1510 4255 1551 4317 ad
1579 4257 1740 4333 Spiritum

87 4353 244 4415 malibus.
270 4353 338 4415 Sub
365 4355 439 4432 lege
475 4355 599 4433 scripta
625 4357 728 4418 multa
753 4356 888 4420 luerunt
943 4355 1099 4417 Sanctum
1113 4375 1121 4415 ε
1135 4352 1308 4416 Memento
1322 4354 1365 4416 61,
1375 4357 1467 4417 diem
1478 4355 1616 4416 subbati
1633 4369 1740 4418 eunc-

89 4452 311 4525 sacramenta,
334 4453 367 4514 et
387 4453 490 4515 multa
513 4455 691 4532 praecepta.
716 4455 887 4532 Praecepta
942 4451 1051 4525 1111666
1065 4450 1161 4531 (ibid.
1175 4467 1232 4524 xx,
1249 4449 1298 4530 8).

82 4548 180 4610 'enim
198 4547 281 4625 legis
297 4549 429 4627 scriptae
443 4550 512 4612 alia
526 4549 672 4624 mobilia,
687 4549 754 4612 alia
769 4551 888 4614 immo·
983 4551 1052 4612 Nos
1065 4565 1146 4610 vero
1161 4547 1369 4610 celebramus
1384 4549 1602 4612 Pentecosten
1622 4550 1658 4611 in
1675 4549 1743 4612 ho-

87 4645 182 4707 bilia.
199 4645 335 4708 Mobilia
352 4647 430 4708 sunt
443 4663 517 4725 quae
531 4663 576 4710 ex
588 4649 835 4726 dispensatione
846 4649 886 4711 ad
942 4663 1056 4710 norem
1088 4647 1231 4724 Spiritus
1263 4647 1440 4720 paracliti,
1475 4647 1532 4724 qui
1564 4647 1661 4709 datus
1691 4649 1742 4711 est

86 4743 219 4822 tempus
254 4745 331 4806 sunt
374 4745 550 4822 ordinata;
573 4745 757 4808 immobilia
797 4745 885 4818 sunt,
942 4743 1110 4822 Apostolis
1143 4743 1420 4820 quinquagesima
1457 4743 1533 4816 die,
1568 4746 1742 4822 postquam

84 4857 164 4920 quae
179 4857 198 4903 a
212 4843 332 4904 natura
346 4842 496 4904 veniunt.
513 4845 553 4906 ut
566 4842 620 4906 rel
639 4844 687 4906 ita
707 4843 795 4906 mala
810 4845 888 4907 sunt
942 4841 1093 4904 Christus
1109 4840 1257 4902 surrexit
1270 4857 1290 4902 a
1305 4841 1456 4914 mortuis,
1474 4841 1560 4904 sicut
1576 4841 1648 4920 ipse
1662 4842 1744 4907 dicit

85 4939 128 5000 ut
147 4937 239 5000 nullo
262 4938 410 5015 tempore
429 4939 501 5000 sine
524 4939 622 5017 culpa
645 4939 774 5018 possint
800 4941 885 5013 fieri,
942 4940 977 5000 in
994 4938 1173 5016 Evangelio
1190 4959 1198 5000 r
1214 4955 1233 4998 r
1248 4939 1645 5016 Factusestrepentede
1657 4940 1743 5002 coelo

85 5034 145 5097 vel
166 5034 213 5097 ita
226 5035 324 5107 bona,
342 5036 378 5097 ut
392 5036 484 5098 nullo
508 5038 657 5114 tempore
671 5038 801 5116 possint
814 5039 887 5101 sine
942 5052 1067 5108 sonus,
1093 5036 1250 5114 tanquam
1281 5035 1491 5098 advenientis
1515 5037 1653 5114 spiritus
1677 5054 1741 5100 ve*

85 5131 186 5209 culpa
201 5132 332 5194 dimitti.
347 5133 533 5196 immobilia
550 5151 630 5212 ergo
654 5134 710 5200 lex
724 5136 887 5200 naturalis
942 5133 1122 5206 hementis,
1154 5134 1189 5194 et
1216 5132 1360 5210 replerit
1388 5133 1491 5194 totam
1524 5133 1663 5204 domurn.
1685 5134 1742 5195 ubi

85 5228 290 5291 solababuit
304 5229 430 5292 duobus
445 5233 885 5310 praeceptiscomprehensa:
942 5231 1040 5294 erant
1064 5229 1229 5292 sedentes.
1258 5229 1299 5291 nt
1323 5231 1554 5306 apparuerunt
1574 5231 1642 5293 illis
1668 5231 1741 5292 dis.-

84 5326 125 5388 in
140 5343 205 5388 uno
217 5325 304 5389 bona
325 5319 887 5406 666661666661166116666616
942 5328 1071 5407 pertitae
1086 5327 1209 5403 linguae
1230 5327 1392 5404 tanquam.
1408 5326 1504 5403 ignis
1514 5328 1666 5406 seditque
1681 5345 1742 5389 su·

85 5423 306 5502 prohibendo.
483 5496 487 5504 ⁴
942 5442 1002 5506 pra
1026 5422 1177 5501 singulos
1202 5439 1353 5486 eorum»
1379 5422 1470 5504 (Act.
1496 5427 1549 5499 ll,
1566 5427 1608 5497 2,
1627 5423 1680 5506 3).
1705 5429 1743 5489 16

130 5523 210 5583 llaec
229 5538 309 5596 vero
335 5521 400 5585 duo
428 5523 593 5603 praecepta
620 5526 783 5590 naturalis
804 5525 888 5604 legis
942 5525 1007 5586 hac
1025 5523 1133 5599 ligura
1151 5521 1294 5599 spiritus
1313 5523 1454 5584 Sanctus
1469 5522 1623 5598 apparuit
1637 5526 1744 5602 Apos-

86 5618 270 5698 perlegam
292 5620 448 5700 scriptam
464 5621 564 5684 latius
588 5623 752 5704 explicata
767 5626 888 5690 suntet
942 5621 1037 5696 tolis,
1066 5621 1143 5703 quia
1171 5635 1229 5682 eos
1257 5621 1372 5685 contra
1401 5619 1521 5682 fluctus
1544 5621 1676 5697 muudi,
1702 5639 1744 5690 ns
