3988 6302
66 357 114 416 313
554 348 710 420 thNrn
740 348 991 412 GOMPILATIO
1033 353 1112 413 LlB.
1136 353 1191 413 111.

65 512 206 582 mantum,
229 509 319 570 tanto
343 507 519 569 sollicitius
545 509 664 570 vestris
687 516 843 570 volamus

66 609 222 690 procidere
237 605 436 684 profectibus
456 607 488 667 et
513 605 762 682 gravaminibus
779 605 842 667 ob-

66 709 145 770 viare
161 729 168 765 ι
184 719 222 766 ea
247 705 389 782 propter,
416 703 527 766 dilecti
553 705 589 764 in
615 703 753 765 Domino
769 703 852 776 dlii,

65 805 169 866 restris
203 800 480 880 postulationihus
504 805 699 876 annuentes
729 802 844 863 aucto-

66 905 149 964 ritate
169 900 379 978 praeentiam
404 899 552 961 districte
575 899 773 971 inhibemus
801 915 842 959 ne

66 1003 127 1079 qais
145 1015 200 1076 pro
222 1015 272 1070 eo,
304 997 389 1074 quod
416 998 613 1075 quandoque
635 999 670 1058 in
694 997 842 1073 grangiis

66 1098 166 1158 restris
194 1095 315 1173 ponitis
343 1093 472 1172 aliquos
502 1098 631 1157 rastros
662 1093 842 1156 monachos

66 1195 244 1265 sacerdotes
262 1193 317 1270 qui
333 1192 501 1254 celebrent
515 1193 550 1254 in
565 1191 702 1270 capellis
719 1191 841 1253 ibidem

67 1291 312 1362 consistentibus
332 1307 445 1352 curam
468 1307 534 1352 non
555 1291 752 1352 habentibus
768 1291 843 1351 ani-

66 1407 186 1462 marum,
209 1389 331 1450 audeat
352 1405 372 1450 a
392 1387 487 1450 robis
511 1389 762 1465 procurationes
782 1405 841 1467 pro

66 1489 132 1564 ipsis
143 1486 289 1564 grangiis
300 1488 498 1564 extorquere
515 1483 575 1566 (1).

230 1640 398 1714 Episcopo
416 1632 574 1700 Venetas.
599 1635 611 1717 (
634 1635 659 1716 ).

346 1790 482 1850 CAPUT
503 1791 543 1849 ΙΙ.

96 1927 137 1984 lix
147 1925 234 2000 parte
245 1924 304 1984 tua
316 1922 378 1984 fuit
390 1922 594 1999 propositum
606 1938 718 1984 coram
732 1919 838 1994 nobie,

65 2022 135 2097 qaod
159 2019 436 2097 conquerentibus
463 2019 542 2080 olim
566 2017 613 2100 (b)
642 2019 770 2092 abbate,
800 2035 839 2080 ac

65 2121 205 2180 consentu
221 2119 362 2180 Rirensi
376 2118 491 2180 Venet.
515 2117 678 2190 dioecesis,
704 2117 789 2194 qaod
803 2118 840 2178 tu

65 2217 237 2293 compellere
252 2215 453 2278 moliebaris¹
468 2215 611 2288 eosdem,
635 2216 672 2277 ut
685 2215 840 2276 institue-

64 2316 123 2376 rent
153 2313 195 2394 (c)
231 2315 346 2392 plures
375 2313 554 2374 monachos
582 2313 617 2374 in
644 2313 839 2390 quibusdam

64 2413 119 2470 sais
137 2411 338 2488 prioratibus
361 2411 427 2472 tuae
451 2410 614 2482 dioecesis,
640 2411 676 2471 in
699 2426 838 2487 quorum

63 2509 181 2584 singulis
214 2508 344 2585 singuli
368 2507 523 2570 monachi
549 2508 709 2570 hactenus
738 2507 839 2569 stete-

63 2608 131 2677 rant,
145 2605 409 2684 quampluribus
430 2604 605 2667 facultates
629 2621 695 2666 non
711 2621 837 2682 suppe-

62 2704 118 2764 tant
132 2704 330 2766 eorumdem.
347 2705 415 2765 Nos
426 2700 475 2782 (d)
490 2703 600 2764 abbati
611 2702 716 2763 sancti
727 2702 838 2762 Albini

62 2803 249 2877 andegaven.
286 2801 321 2863 et
352 2801 488 2877 collegis
524 2803 595 2878 ejus
623 2816 682 2878 per
709 2800 837 2861 litteras

62 2901 173 2960 nostras
191 2899 342 2960 dedimus
366 2899 401 2958 in
423 2897 598 2970 mandatis
625 2898 661 2959 ut
686 2898 726 2958 de
747 2898 839 2974 ipso-

61 3014 122 3056 ram
145 2997 290 3059 locorum
319 2995 531 3058 facultatibus
557 2995 773 3072 inquirentes
802 2995 836 3054 in

61 3111 157 3155 eoram
178 3095 320 3170 singulis
341 3093 488 3154 facerent
500 3092 611 3170 plures
622 3092 751 3154 institui
766 3108 838 3154 rno-

61 3192 176 3265 nachos,
194 3193 221 3252 si
236 3191 389 3270 pluribus
402 3190 535 3251 illorum
551 3189 717 3250 sufiiciunt
730 3188 838 3251 facul-

60 3293 144 3362 tatem
165 3291 315 3367 alioquin
328 3287 389 3349 tibi
408 3286 604 3349 auctoritate
623 3287 835 3364 praesentium

60 3387 237 3460 inhiberent,
255 3403 300 3448 ne
317 3385 467 3447 abbatem
490 3387 522 3446 et
540 3387 737 3446 conventum
749 3401 837 3461 pree-

60 3485 147 3546 dictos
162 3485 355 3546 molestares
380 3497 480 3559 super
496 3481 706 3542 instituendis
725 3481 835 3558 pluri·

59 3581 109 3641 bus
121 3583 152 3644 in
161 3583 306 3643 eisdem:
323 3579 409 3640 unde
422 3579 521 3642 iidem
532 3577 634 3639 abbas
645 3579 676 3639 et
691 3593 837 3639 couren-

58 3681 100 3738 tas
112 3675 476 3760 occasionebujasmodi
487 3675 673 3737 litterarum
683 3674 836 3736 asserant

60 3775 110 3836 sibi
124 3793 192 3838 esse
207 3791 414 3846 concessum,
431 3773 467 3834 ut
481 3773 516 3833 in
533 3771 672 3848 siugulis
688 3771 835 3833 locorum

59 3874 187 3949 ipsorum
204 3872 331 3949 singuli
357 3869 511 3932 monachi
536 3871 789 3943 commorentur,
806 3871 835 3932 si

58 3971 188 4046 pluribus
208 3969 385 4032 facultates
412 3983 477 4028 non
509 3968 685 4044 suppetant
703 3983 836 4028 eorum-

57 4069 127 4130 dem.
142 4073 248 4141 erum
270 4065 429 4130 autemid
453 4064 566 4154 ebriet
585 4064 738 4126 Lateran.
755 4081 836 4128 con-

56 4256 122 4315 litani
135 4263 296 4330 comitatae,
313 4261 392 4319 titula
403 4261 521 4387 insign,
538 4261 565 4342 C.
583 4259 700 4318 Thomac
719 4259 835 4318 familiae

56 4331 189 4401 gentilitio,
208 4335 278 4390 olim
294 4333 420 4402 celebris,
442 4333 469 4389 Si
483 4334 526 4389 ius
537 4331 585 4388 hb.
602 4335 668 4392 Vlll
685 4348 691 4389 :

138 4403 226 4475 dique
241 4404 314 4459 siris
329 4403 425 4474 iugens
439 4403 730 4474 cacurritrlqainam.

85 4471 119 4540 (lt
138 4475 174 4530 La
190 4475 314 4545 arsapio
333 4474 401 4530 erait
420 4487 453 4530 ce
474 4487 529 4545 quc
550 4487 623 4530 nous
647 4473 835 4546 appellerious

55 4552 100 4597 uae
108 4547 191 4613 serare
202 4551 392 4617 appartenant
405 4559 440 4601 aa
449 4551 572 4601 causent
585 4543 637 4601 das
650 4545 761 4601 moines
773 4545 833 4602 cul·

56 4612 185 4684 troicum,
200 4614 295 4673 situee
308 4623 428 4672 souvent
443 4613 458 4672 i
474 4613 547 4671 dean
562 4631 598 4671 ou
613 4615 682 4672 trois
696 4615 786 4672 lieaes
797 4614 835 4672 du

56 4694 171 4751 corrrcnt,
186 4694 274 4760 ayant
287 4701 318 4743 sa
338 4684 467 4758 chapelle
488 4699 591 4768 propre
612 4693 639 4741 et
660 4685 783 4743 formant
796 4699 835 4743 un

55 4756 111 4822 petit
126 4755 288 4814 monestere
295 4771 413 4854 Γροιιιιιιι
425 4756 476 4813 des
495 4757 648 4813 bbtrmeats
666 4756 701 4813 de
715 4759 832 4815 culture.

83 4826 119 4897 (a)
130 4829 265 4898 Episcopo
284 4828 513 4885 triectensillale
529 4827 557 4882 in
572 4827 743 4899 quibusdam
756 4829 833 4887 lass.

55 4903 78 4950 et
93 4897 118 4952 ia
130 4899 278 4970 impressis
292 4899 478 4956 Naunetensi.

83 4969 220 5036 (illibata
243 4970 356 5026 iliacasi
376 4971 443 5026 llaec
458 4969 570 5026 abbatia
589 4975 706 5026 vocatur
733 4969 762 5026 S.
779 4970 834 5026 Gil-

54 5033 123 5106 desii,
137 5041 181 5096 rel
195 5039 296 5107 Gilda,
310 5039 418 5096 ordinis
431 5055 454 5096 s.
469 5039 615 5097 Benedicti
629 5040 658 5095 ia
671 5040 763 5097 insula
774 5041 836 5098 sive

54 5107 163 5180 hiiensi,
175 5112 238 5168 sire
255 5111 369 5182 ltipensi
377 5125 385 5181 ;
400 5111 492 5168 scisci
504 5111 602 5166 Gildar
614 5111 647 5165 de
656 5113 745 5182 liupr.

82 5181 115 5250 (a)
134 5183 235 5237 Plures
250 5182 407 5237 monachos.
429 5181 527 5238 Tutius
545 5181 718 5238 existimavit
736 5183 832 5239 llano·

52 5248 101 5305 rias
111 5254 200 5322 places
212 5251 372 5308 monachos
384 5253 531 5310 instituere
546 5252 574 5308 in
587 5251 767 5323 prioratibus,
783 5267 835 5310 seu

53 5319 216 5390 obedientiis
232 5335 317 5394 quam
331 5337 419 5380 uuam
432 5338 439 5377 τ
453 5323 542 5379 satius
558 5337 700 5378 versasse
716 5324 833 5396 presby-

53 5396 116 5448 teros
129 5395 274 5449 seculares
294 5393 467 5450 constituere
486 5394 534 5466 qai
550 5401 729 5450 sacramenta
746 5409 832 5466 praes·

51 5467 101 5517 tent
115 5465 141 5520 ia
154 5479 207 5536 cap
232 5464 260 5532 2,
271 5465 304 5518 de
317 5468 393 5520 siaiu
413 5465 550 5531 arenaria,
569 5478 654 5536 quern
669 5479 757 5521 uuum
771 5481 832 5522 mo·

53 5533 161 5591 raabam
194 5533 320 5591 ostendit
348 5550 410 5606 cap.
444 5549 568 5606 sequens
603 5541 631 5590 et
660 5535 688 5590 in
712 5551 747 5592 eo
777 5537 836 5593 vult

52 5607 145 5660 serrari
164 5605 321 5663 Concilium
337 5606 482 5688 generale,
499 5577 578 5686 qums
592 5604 638 5661 hic
653 5613 735 5664 vocat
750 5608 831 5664 Lete-

53 5687 179 5746 raaease3
201 5690 266 5734 raro
285 5683 380 5734 tamen
403 5691 443 5733 src
469 5681 641 5745 nommetur,
665 5691 751 5748 quum
777 5677 834 5735 fere

1639 364 1698 424 314

898 509 987 584 cilio,
1005 511 1045 596 de
1061 527 1125 588 quo
1138 511 1230 572 nulla
1245 514 1368 576 mentio
1386 516 1436 578 est
1450 518 1484 578 in
1499 517 1619 582 litteris
1635 536 1697 582 an-

897 604 1038 678 tedictis
1054 606 1229 684 postulasti
1247 609 1360 670 nostro
1375 610 1506 673 edoceri
1522 629 1693 691 responso,

898 701 1007 762 atrum
1031 705 1152 765 nostrae
1176 705 1370 767 intentionis
1383 706 1484 771 fuerit
1502 725 1562 787 per
1576 712 1696 788 hujus-

897 799 986 860 modi
998 799 1136 872 litteras
1152 817 1226 862 cum
1240 802 1368 876 abbate,
1385 805 1417 866 et
1427 808 1591 870 conventu
1606 827 1695 888 pree-

898 895 995 957 dictis
1015 899 1130 960 contra
1154 899 1262 976 ipsum
1288 903 1465 984 concilium
1487 905 1692 982 dispensare.

898 995 967 1054 Nos
985 1009 1063 1070 ergo
1086 995 1108 1055 f.
1131 997 1154 1057 t.
1177 996 1323 1058 breviter
1341 1001 1590 1076 respondemus,
1607 1006 1694 1082 quod

897 1093 1022 1152 tenoris
1045 1093 1233 1169 hujusmodi
1258 1094 1385 1156 litteras
1409 1113 1476 1160 non
1494 1101 1693 1164 credimusa

898 1189 981 1249 Sede
996 1191 1186 1266 Apostolica
1201 1207 1374 1254 emanasse
1387 1217 1394 1270 ;
1413 1196 1499 1272 quod
1515 1198 1544 1258 si
1559 1215 1618 1276 per
1637 1216 1695 1262 oo-

897 1285 1105 1362 cupationem
1127 1288 1267 1350 forsitan
1282 1294 1521 1366 emanaverint,
1538 1296 1692 1358 nolumus

896 1399 955 1460 per
969 1384 1032 1445 hoc
1047 1385 1200 1461 derogari
1214 1387 1355 1449 concilio
1371 1391 1572 1467 supradicto.

995 1504 1244 1596 Burdcpotcasi
1258 1525 1511 1599 archiepiscopo
1528 1522 1541 1604 (
1562 1524 1587 1605 ).

1186 1688 1321 1750 CAPUT
1343 1691 1396 1751 ΙΙΙ.

934 1808 982 1869 Ad
1008 1809 1211 1872 audientiam
1244 1813 1390 1874 nostram
1423 1816 1455 1877 te
1482 1817 1690 1893 significante

894 1907 1055 1982 peruenit,
1079 1908 1165 1985 quod
1187 1911 1338 1970 nonnulli
1353 1913 1508 1973 monachi
1531 1914 1604 1991 lege
1627 1917 1688 1977 tibi

894 1995 1082 2065 dioecesana
1096 2005 1247 2083 subjecti,
1263 2007 1299 2068 in
1319 2009 1514 2084 quibasdam
1530 2013 1687 2088 priorati—
1742 2019 1745 2026 '

894 2098 954 2159 bus
970 2099 1120 2162 habitant
1132 2101 1285 2176 solitarii,
1302 2105 1417 2166 contra
1428 2107 1585 2168 statutum
1599 2111 1689 2170 Con-

894 2197 964 2257 cilii
991 2198 1179 2273 generalis:
1210 2200 1349 2278 ideoque
1373 2201 1396 2262 f.
1420 2203 1444 2264 t.
1479 2205 1686 2280 mandamus,

894 2294 1055 2371 quatenus
1085 2295 1234 2372 ipsorum
1268 2299 1507 2362 monachorum
1539 2301 1707 2376 abbates,

894 2407 953 2452 seu
972 2393 1111 2469 priores,
1129 2396 1164 2456 ut
1180 2395 1233 2456 rel
1255 2395 1345 2474 ipsos
1360 2396 1402 2458 ad
1421 2397 1602 2461 claustrum
1628 2417 1687 2462 re-

892 2491 1020 2561 vocent,
1037 2489 1196 2551 facientes
1211 2492 1247 2552 iu
1262 2492 1344 2569 ipsis
1360 2495 1510 2556 ecclesiis
1524 2496 1687 2560 deserviri

893 2603 953 2663 per
966 2586 1105 2648 clericos
1123 2589 1310 2665 seculares;
1334 2591 1387 2651 vel
1405 2592 1489 2653 alios
1508 2595 1688 2658 monachos

893 2683 1017 2743 eisdem
1033 2684 1200 2747 associent
1212 2701 1286 2746 cum
1301 2687 1420 2763 quibus
1437 2689 1539 2750 ritum
1560 2691 1688 2768 possint

892 2780 1012 2841 ducere
1024 2781 1221 2857 regularem,
1242 2783 1423 2844 monitione
1432 2786 1615 2862 praemissa,
1627 2804 1687 2864 per

892 2893 1051 2939 censuras
1065 2878 1308 2940 ecclesiasticas
1324 2882 1547 2958 appellatione
1559 2887 1686 2946 remota

892 2976 1091 3052 compellas:
1109 2977 1241 3053 proviso
1265 2977 1351 3054 quod
1366 2979 1407 3040 ad
1422 2982 1591 3058 exemptos
1609 2997 1685 3062 ma-

892 3088 971 3132 num
988 3073 1162 3134 occasione
1177 3074 1324 3136 mandati
1336 3076 1525 3154 hujusmodi
1544 3095 1611 3140 non
1626 3096 1688 3140 ex-

891 3171 1018 3233 tendas.
1509 3201 1510 3206 ¹

1110 3313 1322 3402 rrruuus
1351 3317 1462 3404 ιιιιιι

1049 3479 1093 3524 uu
1113 3479 1197 3525 sunu
1218 3481 1437 3530 rnrnosarus
1465 3466 1523 3547 (1).

929 3579 976 3638 M.
992 3581 1162 3652 parotidum
1177 3583 1393 3654 irrcpcrairtci
1409 3584 1646 3646 Constantiac-

1168 3677 1331 3752 poterone
1342 3675 1396 3757 (1).

1195 3819 1342 3880 CAPUT‘
1354 3823 1379 3880 Ι.

929 3957 1048 4019 Audito
1063 3959 1176 4033 perte,
1197 3975 1237 4020 ac
1256 3959 1341 4022 alios
1356 3960 1419 4022 fide
1442 3962 1570 4039 dignos,
1596 3967 1682 4042 quod

890 4054 1130 4115 monasterium
1150 4056 1387 4118 Pacinaciense
1403 4062 1593 4121 Graecarum
1611 4080 1686 4126 mo-

890 4246 1684 4324 semperCouciliumgeneralevocciuraddiderantiam

890 4319 1092 4389 lateranensis
1104 4320 1156 4376 sub
1168 4322 1330 4378 illexendro
1341 4322 1393 4381 lll.

926 4386 1122 4460 (distitutis.
1146 4392 1255 4449 Albini.
1278 4391 1394 4452 Celebre
1413 4393 1619 4452 monasterium
1634 4411 1681 4452 or·

890 4458 963 4516 dinis
978 4475 1001 4516 s.
1023 4460 1166 4519 Benedicti
1181 4465 1209 4519 iu
1222 4463 1290 4520 urbe
1307 4463 1518 4536 andegavensi,
1540 4465 1569 4521 in
1591 4465 1683 4523 hoaoae

891 4544 950 4586 rem
970 4545 992 4587 s.
1017 4531 1122 4600 Albini,
1138 4535 1311 4591 sanctissimi
1337 4534 1422 4608 hujus
1447 4534 1524 4591 sedis
1546 4537 1684 4610 episcopi,

891 4601 1026 4669 Britanni,
1040 4601 1173 4660 dioecesis
1189 4605 1366 4664 venetensis.
1381 4604 1451 4664 Vide
1466 4605 1614 4664 historiam
1628 4625 1685 4666 me

890 4671 1057 4729 merendam
1072 4673 1107 4730 de
1123 4677 1297 4746 protectione
1313 4675 1398 4732 hu'us
1413 4675 1534 4732 abbatiis
1545 4691 1595 4748 per
1605 4694 1685 4737 senc·

890 4749 951 4798 tum
973 4751 1124 4815 petronam
1148 4761 1230 4802 suurn
1252 4746 1326 4818 apud
1342 4693 1483 4804 loannem
1512 4749 1684 4808 Monachum

890 4813 977 4940 gbdl,
1000 4815 1134 4870 historice
1156 4817 1293 4888 (leufridi
1311 4818 1392 4874 ducis
1410 4817 1551 4875 Normcn.
1575 4827 1600 4878 et
1614 4837 1683 4878 com.

916 4897 936 4938 ιι
954 4898 968 4937 e
987 4900 1032 4940 aa.

926 4899 1125 5025 (etolipiscopo
1143 4957 1358 5029 burdegalensi.
1379 4959 1539 5035 dritttetma,
1556 4965 1610 5033 vel,
1633 4967 1683 5021 Gr·

888 5025 972 5080 raldo
995 5024 1030 5082 de
1053 5027 1234 5096 Metamortc,
1262 5045 1333 5101 quos
1360 5032 1462 5090 ambos
1484 5036 1538 5093 sab
1567 5036 1685 5092 honorii

890 5095 979 5152 nostri
992 5097 1157 5168 pontificatu
1170 5098 1280 5158 sedisse
1292 5108 1400 5159 certum
1416 5109 1470 5162 est.

926 5181 966 5255 (l)
981 5185 1018 5242 Cc
1028 5186 1092 5242 titre
1107 5193 1150 5243 est
1165 5187 1191 5243 le
1211 5188 1259 5245 33ι
1274 5188 1310 5246 de
1324 5191 1350 5246 la
1367 5193 1533 5262 Compitalia
1545 5197 1643 5267 prima
1657 5203 1686 5253 et

889 5256 916 5312 le
930 5257 977 5312 380
991 5254 1042 5312 des
1055 5256 1212 5314 Dc'cretoles
1226 5261 1435 5330 drdporicuues.

926 5325 964 5400 (f)
985 5327 1022 5383 bt.
1039 5329 1178 5397 quasdam
1197 5330 1374 5400 imperatrici
1390 5335 1601 5406 constantinop.
1616 5338 1683 5396 Cre·

889 5396 987 5453 dorem
1011 5397 1087 5453 hanc
1105 5399 1312 5470 imperatricem
1333 5418 1396 5460 esse
1414 5406 1543 5474 Mariam,
1568 5422 1686 5464 uxorem

890 5467 1020 5524 balduini
1036 5469 1129 5540 primi,
1148 5471 1361 5544 Constantinop.
1385 5475 1565 5545 imperatoris
1581 5479 1683 5546 Latini,

890 5539 976 5594 filiam
988 5539 1101 5595 Hauriat
1116 5539 1262 5610 biberetis,
1278 5545 1390 5600 comitis
1405 5547 1577 5620 Campania,
1591 5556 1619 5603 et
1630 5550 1687 5604 lle·

889 5609 951 5678 rie,
971 5609 1036 5665 titire
1052 5608 1186 5667 btrdovici
1199 5615 1260 5680 Vll,
1277 5615 1355 5697 regis
1372 5619 1555 5685 Francorum,
1573 5617 1627 5674 nisi
1642 5619 1682 5674 le·

889 5681 998 5753 gissem
1010 5680 1038 5736 ia
1051 5681 1188 5739 Chronico
1199 5683 1308 5756 liclpico
1318 5686 1394 5743 rllarn
1408 5687 1436 5744 in
1448 5689 1555 5746 Gracia
1568 5687 1682 5758 obiisse,
