4066 6294
284 361 370 426 xx1'11

287 519 496 580 fidelisssima
523 519 609 584 debet
631 521 781 595 concipere
804 519 957 592 Christum,
986 522 1015 580 ld
1038 530 1082 582 est

287 633 359 692 opus
380 618 546 693 perlectum,
577 636 627 694 per
651 620 734 678 iidem
758 621 788 678 in
812 621 929 679 animo:
955 627 984 678 ct
1009 622 1082 680 sicut

287 717 374 775 113313
386 719 475 792 Virgo
488 719 597 792 peperit
611 719 753 778 Christum
767 721 796 777 13
815 720 922 792 seculo,
936 720 975 778 113
991 719 1082 778 fidelis

289 807 385 873 aalma
400 815 483 874 debet
498 831 597 891 parere
614 815 767 887 Christum,
780 817 867 888 idest,
881 833 953 890 opus
970 816 1079 890 periec-

290 914 394 970 lumin
410 928 503 987 opere.
521 915 674 986 Debemus,
697 914 807 984 iratres,
830 915 996 988 nosmetipsi
1017 931 1080 974 ms·

287 1016 346 1070 tres
361 1026 424 1068 esse
438 1011 550 1083 Christi,
560 1014 584 1071 si
592 1014 725 1072 volumus
734 1029 798 1072 esse
812 1013 899 1086 boati,
912 1015 937 1072 si
951 1016 1083 1073 volumus

287 1123 352 1166 3333
363 1109 473 1184 justi.»

321 1209 399 1266 Dans
414 1223 447 1266 ce
459 1224 585 1280 sermon,
601 1211 648 1285 qui
659 1219 702 1270 est
712 1211 770 1270 i’un
785 1213 835 1270 des
850 1213 913 1287 pius
923 1211 1084 1271 considera·

285 1302 347 1394 iilos
362 1305 397 1362 de
415 1309 566 1379 Honorius,
581 1325 652 1368 nous
665 1318 801 1369 tronvons
813 1326 861 1368 sur
874 1309 1080 1370 i’immaeulee-

288 1405 462 1477 conception
473 1407 499 1463 le
509 1422 633 1482 passage
643 1410 771 1467 suivant:
784 1432 795 1460 ι
809 1413 925 1468 Beatam
933 1409 1083 1483 Virginem

288 1502 485 1574 sanctificavit,
502 1505 531 1562 11
547 1513 591 1564 331
605 1505 640 1564 ab
656 1507 789 1581 originali
804 1516 922 1581 peccato
937 1507 1085 1565 mundavit

287 1598 319 1656 in
335 1607 425 1659 utero.
443 1603 524 1661 lianc
538 1611 632 1662 autem
650 1603 749 1664 habuit
764 1607 985 1680 prerogativam
997 1608 1083 1664 Beata

287 1697 388 1772 Virgo,
416 1699 491 1774 quod
510 1709 660 1776 postquam
686 1703 737 1761 luit
756 1704 892 1763 mundata
916 1720 933 1762 a
955 1711 1082 1778 peccato,

288 1797 470 1868 postmodum
487 1799 516 1855 in
533 1801 720 1873 conceptione
737 1801 873 1860 mundata
889 1809 933 1861 est
951 1809 980 1860 et
1001 1817 1017 1860 a
1040 1801 1082 1859 io·

288 1895 357 1951 mite
371 1897 490 1968 pcccati,
508 1897 546 1956 113
563 1898 638 1970 quod
652 1913 772 1972 peccare
789 1907 962 1974 333133333
983 1901 1082 1974 potuit,

286 1991 360 2050 sicut
375 1993 585 2065 quodammodo
605 2012 659 2054 nec
673 1999 762 2056 Filius
779 1999 851 2071 ejus.
872 1998 954 2057 Unde
971 2005 1085 2072 propter

289 2087 344 2148 hoc
367 2089 435 2148 dicit
455 2093 582 2163 psalmus
601 2102 832 2168 consequenter:
852 2098 929 2154 Deua
947 2097 1085 2154 inmerito

288 2189 349 2258 ejus
375 2203 433 2246 333
456 2191 680 2250 commovebitur.
710 2195 742 2251 13
764 2195 824 2252 sola
845 2196 932 2254 Beata
953 2195 1084 2270 Virgine,

288 2293 352 2358 post
366 2289 583 2361 conceptionem
593 2289 692 2348 habuit
704 2291 830 2351 Christus
842 2292 996 2365 hospitium
1010 2294 1086 2368 quie·

288 2383 334 2454 tis,
352 2386 417 2456 quia
440 2387 548 2444 nulium
564 2389 672 2446 invenit
695 2391 724 2447 in
745 2405 779 2448 ea
800 2398 959 2464 peccatum.
978 2407 1032 2450 nec
1049 2391 1087 2449 13

287 2482 386 2540 mitem
408 2485 648 2557 peccati.»1tsns
668 2487 695 2546 le
718 2487 869 2547 deuxieme
887 2504 1003 2547 sermon
1015 2507 1086 2565 pour

287 2578 502 2655 l’Assomption,
524 2599 597 2644 nous
615 2586 705 2644 iiscns
722 2588 938 2660 pareilicment:
961 2609 973 2639 ι
994 2590 1086 2658 Quum

288 2692 389 2738 omnes
399 2681 457 2738 sint
471 2682 498 2738 in
512 2691 631 2756 peccato
643 2686 784 2758 concepti,
802 2694 830 2744 et
841 2685 963 2744 vinculis
977 2687 1087 2760 3333311

287 2777 436 2850 originalis
450 2779 542 2854 ligati,
554 2784 642 2841 Beata
656 2785 748 2858 Virgo
763 2784 863 2853 113313,
879 2785 915 2842 ab
929 2787 1007 2842 omni
1023 2800 1084 2843 ma·

287 2875 352 2932 cula
364 2879 553 2948 corruptionis
565 2880 657 2937 extitit
671 2880 757 2937 libera
766 2881 808 2938 1...
824 2883 888 2939 Non
901 2889 944 2939 est
958 2881 1088 2940 dubitan-

288 2977 360 3039 tum,
376 2972 443 3030 licet
454 2973 489 3030 13
506 2976 567 3047 1333
583 2974 639 3033 boc
651 2991 708 3033 non
722 2975 862 3035 habeatur
876 2993 1054 3051 expressum.
1073 3000 1085 3031 ι

324 3067 454 3126 D'autres
482 3073 614 3131 citations
642 3075 768 3132 33331331
795 3075 944 3148 possibies,
970 3092 1020 3134 sur
1045 3077 1087 3134 lea

289 3162 430 3226 oblatione
444 3167 483 3226 du
495 3169 597 3240 Christ,
611 3172 666 3230 soit
681 3188 717 3232 an
729 3175 795 3248 jour
807 3173 842 3232 de
853 3175 879 3232 ia
892 3174 1086 3244 Puriiication,

289 3263 344 3320 soit
361 3279 397 3321 en
412 3264 536 3326 d'autres
550 3275 645 3343 temps
659 3277 687 3328 et
701 3271 810 3330 d'sutre
824 3271 967 3344 msaiere3
984 3289 1032 3330 sur
1045 3274 1088 3330 ies

288 3360 467 3422 tabernaoies
478 3363 514 3423 orl
525 3367 544 3422 il
558 3365 664 3438 reside,
679 3368 706 3427 io
718 3369 771 3427 ciel
784 3370 869 3428 d'une
883 3379 954 3444 part,
970 3371 997 3428 13
1009 3386 1088 3430 coeur

289 3459 340 3517 des
352 3459 451 3520 iideies
461 3463 496 3521 de
511 3464 626 3538 i’antre3
638 3467 924 3542 33313333313313313
936 3467 1086 3538 1311113131,

290 3573 341 3629 par
359 3560 386 3618 13
406 3561 502 3620 sainte
517 3564 635 3638 llierge,
651 3581 703 3638 par
727 3565 853 3636 Simeon,
875 3583 926 3640 par
945 3568 987 3625 ies
1015 3565 1084 3626 iide-

288 3655 347 3714 les:
363 3657 452 3715 Tciiot
468 3675 578 3717 crucem
591 3667 617 3718 et
630 3669 764 3734 33333133
777 3680 829 3720 me.
846 3666 925 3723 Noua
940 3664 1088 3739 proferans

289 3767 430 3826 ronvoyor
445 3770 481 3813 au
496 3765 571 3815 texte
586 3759 741 3817 lui-meme.

326 3853 365 3908 Le
379 3851 485 3909 second
501 3869 615 3912 sermon
632 3871 703 3929 pour
717 3857 921 3931 l’ilssomption
939 3867 983 3916 est
998 3861 1086 3932 parti·

288 3944 476 4006 cniierement
497 3949 581 4009 beau.
609 3954 631 4010 ii
656 3961 710 4024 est,
733 3969 857 4028 presque
876 3970 916 4012 en
928 3957 1029 4026 entier,
1048 3971 1089 4014 33

290 4045 468 4120 magniiique
482 4052 688 4108 commentaire
707 4051 743 4110 13
762 4059 836 4110 33113
858 4053 972 4125 333313;
992 4054 1089 4123 «Quae

289 4151 334 4202 est
351 4143 481 4219 13133333
501 4147 681 4222 progreditur
695 4150 776 4222 quasi
792 4153 914 4210 aurora?
931 4173 942 4204 ι
960 4153 999 4209 La
1014 4150 1089 4226 piete

289 4241 327 4301 du
349 4259 452 4319 moyen
468 4246 523 4320 ege
544 4262 648 4305 envers
670 4248 697 4307 13
717 4249 814 4308 Sainte
828 4251 945 4324 Vierge,
969 4249 996 4308 la
1018 4265 1088 4308 con·

289 4340 383 4399 ilancc
400 4343 496 4412 1111313,
515 4344 705 4404 l'admiration
722 4348 895 4420 qu'excitent
911 4363 965 4404 son
980 4363 1048 4405 nom
1061 4354 1089 4404 et

292 4451 344 4493 son
362 4441 497 4496 souvenir
511 4440 583 4498 dans
597 4443 640 4499 lea
656 4445 736 4500 emes
753 4442 946 4511 obretiennes,
963 4440 1088 4501 sereve·

290 4532 376 4592 13311
390 4534 599 4611 3133331333,
610 4536 625 4595 1
637 4541 725 4612 333113
737 4538 922 4598 decedebat:
932 4562 943 4590 ι
953 4539 1090 4598 Mirantur

290 4645 415 4703 namque
430 4649 562 4707 supernae
578 4637 697 4696 virtutes
716 4636 793 4710 quod
805 4637 888 4696 beata
908 4638 997 4696 113313
1011 4643 1088 4695 13313

291 4725 418 4786 313311313
438 4731 568 4807 33311331,
583 4739 662 4790 13313
679 4735 809 4792 claritate
828 4751 932 4793 omnes
943 4741 1090 4794 creaturas

291 4825 420 4895 excellat,
441 4827 516 4898 quod
535 4829 630 4886 necin
648 4831 730 4887 terris
743 4845 840 4903 parem
859 4831 974 4904 habeat,
990 4833 1089 4892 necin

291 4923 380 4979 coelis.
403 4922 483 4982 Unde
504 4925 534 4982 13
557 4941 658 4984 vocem
678 4927 875 4986 admirationis
895 4931 1089 4988 exclamantes

291 5018 422 5078 dixerunt
438 5039 445 5080 :
462 5037 526 5094 quta
538 5032 582 5082 331
600 5025 675 5084 ista?
691 5047 702 5078 s
722 5028 762 5084 La
777 5024 956 5084 TresSainte
970 5029 1086 5102 vierge,

291 5117 332 5175 dit
341 5119 493 5189 Honorius,
510 5121 649 5193 «pulchra
661 5121 712 5181 luit
723 5131 754 5180 ut
767 5124 832 5180 luna
845 5139 895 5197 per
906 5127 1088 5183 sanctitatem

292 5223 357 5274 aute
372 5217 525 5276 adventum
546 5219 608 5277 Filii
627 5221 689 5290 Dei,
712 5221 855 5294 pulchrior
871 5228 935 5295 post
952 5225 1086 5281 incarna-

291 5313 410 5383 tionem,
436 5315 626 5388 pnlohcrrima
651 5325 715 5390 post
735 5320 1015 5392 Assumptioncm....
1036 5321 1089 5390 Qui

293 5412 385 5485 surgit
416 5412 452 5470 31
479 5412 634 5472 diluculum
661 5416 853 5487 poenitentia,
878 5418 1013 5491 respiciat
1036 5433 1087 5476 au·

294 5525 408 5579 rorem,
442 5509 609 5583 deprecetur
641 5514 771 5572 hieriam.
810 5515 863 5584 Qui
893 5515 999 5574 incedit
1038 5531 1089 5588 333

293 5605 369 5666 diem
402 5609 502 5682 gratias
535 5610 669 5682 respiciat
698 5612 803 5682 solem,
831 5611 998 5686 deprecetur
1026 5613 1086 5693 lia·

293 5721 403 5767 1111111.»

1021 349 1209 429 3333333

1856 379 1949 426 mv

1172 522 1215 582 03
1234 521 1298 593 1133,
1314 535 1385 580 3333
1400 535 1438 580 33
1452 536 1521 580 3333
1541 521 1584 582 133
1601 521 1840 597 preoccupations
1866 535 1951 580 oon-

1136 621 1338 694 tcmporaines,
1355 620 1383 679 le
1402 636 1516 678 sermon
1537 637 1609 694 pour
1623 621 1650 680 ia
1668 613 1777 679 iete‘de
1795 621 1823 679 la
1842 619 1951 678 chaire

1135 718 1171 776 de
1191 720 1219 777 S.
1241 717 1401 789 Pierre,oi1
1420 734 1452 778 se
1471 727 1572 778 trouve
1594 734 1627 776 ce
1652 734 1777 794 passage
1792 718 1861 791 3311
1881 717 1951 776 laur

1136 819 1225 875 citer:
1240 839 1251 869 r
1268 817 1368 877 Ceteri
1381 817 1474 876 vocati
1489 817 1595 874 333113
1607 824 1717 890 partem
1728 815 1949 884 sollicitudinis,

1137 917 1216 973 solus
1230 923 1324 973 autem
1339 917 1439 973 Petrus
1455 922 1620 988 assumptus
1634 921 1678 972 esi
1690 915 1719 972 in
1731 913 1950 988 plenitudinem

1137 1015 1295 1086 potestatis,
1307 1014 1373 1086 quia
1385 1013 1463 1070 33133
1474 1020 1567 1085 331331
1577 1013 1668 1086 ligare
1678 1019 1809 1082 3313333,
1821 1012 1949 1070 sednon

1136 1113 1221 1186 ligari
1237 1118 1359 1184 potesta
1375 1113 1497 1170 ceteris.
1510 1112 1580 1180 Quia
1593 1125 1743 1170 successor
1758 1112 1846 1180 Petri,
1859 1109 1946 1168 vide·

1137 1212 1204 1268 iicet
1221 1211 1356 1268 Summus
1371 1199 1502 1268 Pontiiex
1515 1210 1706 1282 principatum
1720 1208 1867 1267 cathedras
1884 1210 1947 1266 llo-

1138 1324 1232 1367 33333
1246 1308 1384 1368 Ecclesia
1403 1307 1530 1381 possidet
1547 1315 1576 1364 et
1589 1308 1742 1382 gubernat,
1754 1309 1802 1380 qui
1818 1308 1947 1380 plenitu-

1138 1406 1235 1464 dinem
1262 1405 1379 1464 bcnoris
1409 1406 1454 1464 sui
1477 1413 1506 1464 et
1536 1405 1744 1478 amplissimam
1771 1405 1951 1479 dignitatern

1138 1505 1249 1562 crateris
1267 1503 1409 1573 ecclesiis,
1423 1519 1476 1576 per
1490 1503 1656 1562 universum
1679 1502 1817 1562 mundum
1838 1504 1868 1560 in
1885 1505 1947 1561 lto·

1139 1604 1217 1660 mino
1236 1603 1406 1672 constitutis,
1422 1600 1565 1660 distribuit
1586 1609 1615 1660 et
1626 1600 1789 1675 dispensat,
1804 1600 1951 1658 ordinans

1140 1702 1169 1759 ln
1188 1701 1230 1759 eis
1251 1699 1439 1774 patriarchas,
1456 1700 1604 1772 primates,
1620 1700 1789 1772 episcopos,
1813 1697 1948 1768 abbates,

1139 1807 1318 1872 caeterosque
1331 1799 1474 1872 prelatos,
1490 1799 1564 1856 31331
1577 1796 1643 1856 iecit
1656 1799 1779 1871 1133333,
1791 1797 1840 1870 qui
1856 1812 1948 1870 quum

1140 1913 1226 1956 mane
1243 1912 1334 1970 usque
1353 1895 1389 1954 ad
1411 1911 1563 1968 vesperum
1584 1895 1706 1964 sederet,
1726 1901 1754 1952 et
1771 1909 1828 1951 non
1847 1902 1948 1969 posset

1140 1997 1279 2054 sustinere
1294 1994 1484 2067 frequentiam
1508 1994 1620 2067 popuii,
1640 1993 1778 2062 tribunos,
1795 1994 1943 2050 centurio·

1141 2108 1203 2163 nes,
1220 2101 1248 2152 et
1262 2093 1524 2166 quinquagenarios
1548 2093 1577 2149 in
1603 2093 1708 2166 populo
1721 2089 1875 2149 ordinavit.
1895 2113 1908 2142 ι

1175 2190 1246 2261 Qu’il
1260 2189 1360 2249 suiilse
1370 2189 1407 2248 de
1421 2189 1532 2249 donner
1545 2191 1582 2248 131
1595 2189 1726 2248 uneidee
1740 2189 1792 2248 des
1806 2189 1947 2248 Sermone

1142 2287 1178 2346 dc
1193 2290 1220 2346 ia
1233 2288 1358 2347 seconde
1372 2287 1456 2348 serie.
1472 2290 1550 2347 Nous
1565 2303 1602 2346 nc
1624 2303 1754 2362 pouvons
1771 2286 1856 2344 31133
1871 2301 1942 2344 333-

1140 2387 1225 2460 13333,
1241 2387 1270 2444 31
1291 2401 1327 2443 33
1345 2384 1415 2444 13133
1435 2387 1565 2444 rcssortir
1583 2386 1626 2443 133
1641 2381 1775 2454 beantes,
1792 2383 1940 2442 313311-

1140 2484 1221 2542 13133
1236 2485 1485 2557 l’onaeignement,
1502 2485 1557 2542 soit
1576 2499 1648 2557 pour
1664 2484 1691 2542 la
1707 2481 1892 2542 reiormailon
1907 2498 1945 2541 ou

1140 2583 1167 2640 ia
1182 2581 1321 2640 direction
1333 2583 1385 2641 133
1399 2597 1507 2640 mreurs
1519 2589 1547 2640 et
1559 2582 1594 2639 de
1604 2583 1630 2639 13
1644 2578 1730 2655 piete,
1743 2581 1798 2639 soit
1813 2597 1850 2639 33
1863 2580 1946 2654 33131

1141 2680 1176 2739 13
1198 2695 1255 2739 333
1278 2679 1473 2755 theologique.
1495 2683 1574 2739 Nous
1595 2679 1760 2753 ajouterons
1782 2679 1946 2736 seulement

1141 2794 1206 2852 que,
1227 2795 1279 2852 par
1299 2779 1327 2837 ia
1351 2785 1453 2837 nature
1474 2777 1525 2835 des
1543 2777 1634 2851 qu'ets
1655 2775 1776 2835 aberdes
1790 2785 1819 2834 et
1832 2774 1943 2846 traites,

1141 2877 1183 2934 les
1207 2891 1339 2933 sermons
1363 2875 1396 2932 13
1416 2877 1526 2934 servetis
1550 2875 1678 2933 donneni
1699 2889 1756 2932 une
1778 2875 1843 2947 plus
1861 2874 1945 2947 large

1142 2973 1232 3046 piace,
1246 2988 1283 3030 33
1302 2971 1433 3046 general,
1453 2971 1469 3032 'a
1487 2973 1665 3047 i’exposrtlon
1685 2972 1872 3046 dogmsiique
1887 2986 1945 3044 que

1142 3073 1184 3129 133
1199 3069 1378 3144 precedente,
1398 3078 1427 3128 et
1438 3071 1640 3144 justitieraient
1654 3085 1710 3128 une
1720 3068 1805 3128 etude
1815 3069 1944 3142 speciale

1143 3178 1257 3244 portant
1275 3185 1324 3228 sur
1342 3185 1376 3229 33
1397 3171 1477 3244 point
1500 3169 1668 3238 determine,
1682 3169 1708 3226 ia
1727 3167 1884 3241 Theologie
1905 3167 1944 3226 de

1143 3268 1285 3327 lionorius
1304 3271 1361 3339 lii,
1383 3283 1421 3326 ou
1444 3269 1586 3326 Honorius
1607 3269 1648 3328 lii
1667 3265 1806 3340 cnvlsage
1828 3280 1948 3324 comme

1143 3365 1319 3439 theologica.
1709 3379 1711 3386 ⁴

1142 3551 1276 3610 Amour
1294 3549 1335 3610 de
1352 3551 1385 3609 13
1400 3547 1536 3608 nature.
1553 3545 1849 3620 Rapprccivemeni
1859 3559 1945 3606 3333

1332 3648 1368 3707 S.
1390 3648 1560 3721 13333313
1573 3647 1731 3706 11333133.

1179 3803 1223 3861 ii.
1238 3803 1261 3862 ll
1280 3804 1401 3878 importc
1416 3801 1581 3877 davantage
1593 3803 1630 3861 de
1645 3802 1717 3861 13133
1734 3801 1866 3860 rcssortir
1886 3817 1946 3859 une

1143 3901 1269 3959 certaine
1290 3901 1503 3959 resaemblancc
1525 3897 1596 3959 avec
1614 3901 1642 3958 S.
1663 3901 1798 3978 Francois
1817 3897 1945 3957 d'rlssisc

1143 3997 1216 4057 dans
1226 4006 1272 4056 cet
1287 4013 1387 4056 amour
1402 3998 1480 4072 plain
1493 3998 1529 4055 de
1544 3994 1670 4068 3313311,
1684 3997 1720 4054 de
1727 3995 1891 4070 simplicite,
1905 3995 1943 4053 dc

1144 4093 1287 4154 iraicheur
1307 4111 1396 4154 suave
1417 4111 1474 4169 que
1495 4096 1612 4154 celui-ci
1634 4093 1803 4169 temoignait
1826 4109 1898 4168 pour
1913 4095 1942 4150 ia

1144 4196 1346 4252 3313331333
1371 4195 1413 4251 133
1434 4193 1526 4268 objets
1540 4192 1622 4252 crees
1633 4195 1774 4266 portaicnt
1795 4192 1942 4249 versilieu

1143 4292 1228 4350 11333
1243 4292 1281 4349 13
1292 4291 1464 4365 seraphique
1476 4293 1503 4350 S.
1517 4292 1661 4362 Franpois.
1674 4291 1696 4349 li
1708 4291 1784 4348 n'eut
1799 4303 1851 4363 pas
1862 4287 1941 4363 parte

1144 4391 1179 4448 de
1192 4390 1218 4449 13
1231 4404 1297 4447 3333
1313 4397 1473 4448 3313333331
1487 4405 1541 4462 que
1556 4389 1583 4446 ie
1598 4387 1647 4446 1311
1668 4388 1811 4446 113333133
1830 4387 1902 4445 1333
1913 4387 1942 4444 13

1144 4489 1258 4545 semen
1272 4503 1337 4546 xix:
1357 4509 1367 4540 ι
1385 4489 1488 4546 Forma
1504 4501 1577 4545 rosae
1591 4493 1635 4544 cst
1649 4484 1768 4543 inferius
1780 4492 1942 4558 angustast

1144 4586 1275 4656 superius
1288 4585 1392 4657 ampla,
1409 4592 1439 4644 ct
1452 4585 1597 4658 siguificat
1609 4567 1684 4657 quod
1694 4583 1820 4642 Christus
1832 4595 1941 4655 pauper

1144 4679 1196 4738 luit
1211 4682 1238 4738 in
1254 4681 1370 4750 mundo,
1392 4681 1443 4738 scd
1467 4689 1510 4739 est
1524 4682 1662 4739 Dominus
1687 4696 1772 4754 super
1789 4681 1896 4751 omnia,
1913 4687 1941 4738 ei

1144 4779 1243 4852 impiet
1260 4779 1404 4835 universa.
1420 4779 1494 4836 llam
1518 4780 1591 4837 sicut
1606 4777 1698 4836 lorma
1711 4793 1784 4838 rosae
1805 4785 1849 4836 est
1871 4776 1941 4835 inic·

1144 4874 1202 4932 rius
1218 4883 1339 4948 angusta
1353 4883 1381 4934 et
1394 4876 1526 4948 superius
1541 4878 1646 4950 ampla,
1660 4877 1697 4934 its
1712 4875 1831 4950 quilibet
1843 4873 1938 4935 Cirris·

1143 4974 1238 5031 tianus
1252 4971 1336 5031 debet
1350 4982 1464 5032 terrena
1485 4973 1662 5048 vilipendere
1680 4981 1710 5032 et
1729 4988 1853 5048 superna
1868 4973 1941 5031 desi·

1143 5071 1253 5129 derare.
1274 5093 1285 5121 ι

1143 5253 1231 5315 XIX.
1246 5283 1288 5298 -
1300 5255 1478 5314 Honorius
1497 5255 1557 5315 111
1569 5265 1613 5313 ue
1628 5253 1773 5327 poueeit
1790 5249 1864 5314 eire
1877 5248 1938 5314 eie*-

1178 5350 1277 5426 331111
1292 5351 1325 5410 31
1339 5350 1575 5422 resemblance,
1597 5349 1705 5412 333111
1724 5353 1759 5412 13
1776 5347 1938 5426 presente

1184 5445 1322 5510 editiore.

1179 5607 1223 5664 ia.
1231 5607 1308 5665 Dans
1318 5606 1572 5676 i'Ordollorrvaacs,
1580 5606 1723 5664 Honorius
1732 5612 1777 5664 est
1787 5607 1938 5680 liturgiste,

1143 5719 1180 5763 33
1195 5705 1291 5764 331333
1311 5705 1459 5776 3113311313,
1476 5701 1652 5763 c'est·l·dire
1667 5702 1825 5762 iormaiiste
1837 5711 1865 5762 ei
1884 5706 1937 5764 mi-
