3962 6294
280 359 340 422 aare
867 314 871 323 ’
894 307 1071 414 aenean
1094 346 1139 410 111
1161 345 1310 410 ornan.
1898 352 1969 414 44„

281 521 368 584 foret
391 521 616 582 homanorum
638 512 835 576 Pontitlcum
857 509 1025 590 splendor,
1048 510 1082 573 et
1135 508 1255 570 raostro
1277 509 1445 572 latissimo
1472 505 1628 571 decreto
1654 507 1773 570 eidem
1798 508 1949 576 aoranae

282 619 441 679 Romanae
450 613 606 675 Ecclesiae
620 606 1081 686 magnificentiaquetamen
1134 609 1296 668 Ecclesiae
1305 607 1619 683 ttdarutitcratpas
1632 607 1784 675 cottias,
1795 609 1833 668 iu
1842 613 1949 684 qaam

281 715 317 776 in
331 727 513 793 pauperum
526 711 637 772 sinum
651 707 787 769 uberem
802 707 930 785 partem
945 719 1080 766 suarum
1135 705 1299 766 citiarum
1310 705 1373 778 est,
1387 707 1567 768 donamus
1583 704 1641 766 itu
1653 704 1695 766 act
1714 705 1754 766 tra
1766 705 1949 771 denudasti

282 829 381 891 opum
406 807 577 873 effundere
604 805 788 877 consuevit,
820 803 869 867 uti
890 803 1020 882 jamdiu
1045 802 1080 863 in
1135 802 1237 864 retra
1251 805 1336 876 ipsae
1350 806 1452 878 Alpes
1469 819 1492 865 u
1507 804 1689 866 Taurinis
1705 804 1879 866 uwrztttus
1898 823 1950 868 us-

282 911 438 972 Traotatu
460 907 573 970 italice
595 905 683 968 edito
699 906 741 966 dc
765 902 919 966 Caritate
939 900 1078 964 ostendi.
1134 903 1254 974 patead
1268 902 1482 978 Lipucticum
1491 915 1603 964 mare
1613 901 1852 964 reinserantur.
1870 904 1947 966 lileri

282 1011 398 1086 Neque
421 1007 457 1068 in
482 1009 631 1068 Romano
657 1002 785 1065 tantum
812 1015 904 1077 agre,
919 1001 1018 1078 atque
1045 998 1081 1060 iu
1135 995 1267 1075 quidem
1287 999 1395 1076 potest
1413 1001 1450 1062 ut
1464 1015 1590 1078 parum
1605 999 1738 1073 critici,
1754 1000 1947 1079 nimiumque

282 1105 432 1168 finitimis
448 1101 637 1164 abundabat
651 1098 779 1176 ingenti
794 1097 970 1159 fundorum
985 1097 1080 1174 copia
1135 1094 1263 1158 creduli
1284 1097 1514 1160 aurichalcum
1538 1098 1631 1160 illud
1665 1112 1730 1175 pro
1754 1113 1838 1161 auro
1863 1101 1947 1162 acci-

282 1203 397 1266 eadem
420 1200 572 1274 ecclesia,
587 1200 644 1260 sed
659 1197 760 1259 etiam
777 1212 837 1274 per
851 1195 963 1258 varias
976 1194 1081 1256 ltaliae
1136 1193 1228 1271 piant
1240 1192 1342 1273 (quod
1354 1196 1576 1274 etTurrigius
1588 1195 1679 1258 fecit
1694 1195 1731 1257 in
1745 1195 1948 1260 libroGrottc

282 1304 404 1380 partes,
417 1299 558 1378 atquein
568 1297 741 1374 Asiaipsa.
756 1293 952 1356 coelestinus
963 1294 977 1354 Ι
990 1295 1080 1369 Papa
1141 1293 1406 1371 Vaticanapart.
1421 1310 1458 1365 11,
1473 1311 1547 1372 cap.
1566 1293 1639 1374 6.);
1656 1309 1781 1357 verum
1797 1311 1889 1358 nemo
1902 1297 1949 1357 in-

282 1401 324 1462 ad
346 1398 569 1460 Theodosium
589 1397 758 1474 Juuiorem
783 1392 967 1468 Augustum
996 1391 1082 1452 scri·
1135 1389 1186 1452 ter
1200 1391 1348 1453 eruditos
1363 1392 1422 1467 est,
1440 1395 1497 1471 qui
1518 1393 1724 1466 ridendam,
1745 1394 1947 1471 putidumque

282 1499 375 1572 bens,
392 1513 479 1558 anno
494 1495 617 1557 Christi
630 1496 699 1567 432,
714 1488 992 1554 commemorabat
1003 1505 1083 1566 pos-
1135 1504 1202 1550 non
1232 1491 1392 1565 agnoscat
1416 1491 1510 1553 illius
1541 1491 1708 1571 epistolae
1725 1491 1945 1570 imposturam.

283 1597 449 1659 sessiones
468 1595 502 1656 in
517 1594 597 1656 Asia
619 1590 827 1663 constitutas,
843 1604 925 1668 quas
940 1587 1080 1650 illustris
1135 1586 1294 1648 Eumdem
1334 1589 1524 1666 auctorem,
1564 1589 1742 1651 similium
1782 1589 1945 1653 criminum

282 1697 316 1758 et
330 1695 453 1756 sanciae
474 1690 714 1754 recordationis
729 1687 849 1762 Proba,
860 1687 958 1764 longa
971 1702 991 1747 a
1006 1700 1081 1746 ma·
1134 1699 1228 1747 reum
1243 1686 1447 1764 deprehendi
1460 1689 1757 1752 insolescentes
1772 1691 1813 1750 dc
1824 1692 1945 1752 corrono

277 1792 408 1871 jorihus
419 1791 593 1862 vetustate,
603 1787 783 1866 reliquerat
798 1789 955 1848 Romanae
966 1783 1081 1846 Eccle—
1134 1789 1280 1858 Perrca,
1293 1785 1372 1847 torn.
1387 1789 1428 1848 II.
1436 1787 1644 1850 anecdotor.
1653 1786 1812 1848 Latinor.
1820 1787 1945 1848 Hadria-

281 1891 359 1967 siae3
376 1891 405 1951 is
420 1903 499 1951 vero
514 1886 707 1965 imperatori
723 1883 941 1957 commendat,
959 1883 995 1944 ut
1008 1897 1081 1943 om-
1135 1898 1198 1944 nus
1220 1899 1350 1962 quoquc
1374 1885 1505 1964 Primus
1527 1885 1564 1948 in
1592 1885 1735 1964 epistol.
1762 1885 1803 1948 49
1827 1885 1943 1947 Codicis

281 1987 334 2048 nis
349 1986 390 2048 ab
403 1986 456 2047 his
467 1984 698 2047 insidiantium
710 1981 904 2060 inquietudo
920 1978 1078 2041 discedat.
1135 1981 1302 2055 carolini,
1336 1984 1538 2060 patrimonia
1582 1984 1757 2047 Ecclesiae
1798 1985 1943 2046 Romane

281 2085 454 2147 Pertinent
475 2083 539 2145 ista
564 2081 606 2144 ad
630 2081 737 2158 prima
760 2079 917 2141 Ecclesiae
943 2077 1077 2139 saecula.
1135 2082 1393 2156 commemorat,
1428 2083 1535 2160 posita
1557 2082 1595 2145 in
1625 2082 1787 2161 partibus
1813 2083 1940 2155 Tusciae,

282 2183 365 2256 Quid
382 2179 701 2259 insubsequentibus
714 2173 978 2258 contigerit(hoc
991 2175 1079 2238 enim
1136 2179 1280 2255 spoleto,
1305 2195 1367 2242 seu
1387 2181 1590 2255 Benevento,
1609 2183 1718 2258 atque
1739 2181 1873 2242 Corsica
1897 2179 1940 2240 si·

280 2280 491 2358 potissimum
514 2277 744 2354 investigando
766 2274 905 2354 sumpsi)
925 2274 1077 2351 accipito.
1135 2275 1202 2337 mul
1226 2277 1260 2339 et
1284 2277 1478 2352 savinensi,
1504 2285 1567 2342 etc.
1602 2279 1749 2342 Modum
1774 2294 1864 2350 roro,
1883 2294 1939 2356 quo

321 2379 433 2440 Primo
455 2378 528 2440 loco
549 2377 585 2438 iu
606 2373 814 2454 patrimoniis
836 2374 901 2436 sita
917 2373 996 2435 olim
1017 2371 1080 2434 fuit
1134 2374 1298 2452 ejusmodi
1312 2376 1523 2453 patrimonia,
1540 2376 1576 2439 in
1591 2379 1667 2440 tam
1684 2376 1833 2440 diversis
1845 2376 1939 2452 regio

282 2481 441 2541 Romanae
461 2474 619 2537 Ecclesiae
639 2471 824 2551 opulentia,
844 2472 908 2534 hoc
926 2472 977 2533 est
995 2486 1080 2532 mas·
1133 2472 1232 2534 nibus
1255 2473 1320 2536 sita
1338 2476 1546 2551 regerentur,
1571 2475 1843 2554 supralaudatus
1860 2477 1936 2535 Gre-

281 2576 340 2650 sis,
355 2574 497 2652 aliisque
513 2572 634 2645 fundis,
652 2586 734 2650 quos
748 2569 983 2646 Augustorum,
1000 2569 1080 2631 alio·
1134 2571 1249 2646 gorius
1261 2573 1403 2648 Magnus
1417 2572 1571 2651 plurimis
1584 2574 1748 2652 epistolis
1763 2573 1834 2635 suis
1846 2571 1937 2648 expli-

160 2662 165 2672 “
280 2689 421 2752 rumque
436 2672 583 2734 fidelium
603 2670 710 2748 pietas
731 2668 766 2730 in
777 2668 881 2730 variis
897 2667 1078 2745 provinciis
1133 2669 1198 2744 cat,
1215 2669 1250 2731 in
1263 2670 1383 2748 quibus
1399 2671 1607 2734 admirabilis
1622 2671 1769 2750 effulget
1781 2669 1935 2749 equitatis

282 2774 404 2835 Sancto
427 2773 525 2833 Petro
549 2768 747 2832 contulerat.
770 2770 892 2828 Eorum
918 2765 1080 2829 adminis-
1133 2783 1228 2830 amor
1257 2769 1356 2847 atque
1380 2770 1567 2846 prudentia.
1591 2771 1793 2833 Chronicon
1817 2781 1934 2846 purique

278 2871 380 2933 tratio
396 2869 465 2932 fere
480 2883 612 2946 semper
632 2865 925 2930 commendabatur
947 2865 1078 2927 clericis
1133 2865 1303 2937 Farfense,
1319 2869 1403 2944 part.
1420 2883 1457 2937 11,
1473 2869 1554 2930 tomi
1568 2871 1598 2930 ll
1615 2872 1703 2932 Rcr.
1720 2869 1847 2940 Italic„
1859 2881 1877 2926 a
1888 2879 1933 2925 me
1968 2913 1969 2922 ,

279 2970 313 3030 et
324 2966 536 3029 subdiaconis
549 2965 705 3044 spectatae
718 2962 807 3035 ndei,
817 2963 874 3041 qui
887 2962 1078 3025 defensores
1133 2964 1267 3038 editum,
1282 2965 1387 3028 multa
1399 2965 1499 3028 habet
1512 2967 1553 3028 de
1567 2965 1782 3030 actionariis
1788 2961 1932 3027 Ecclesia

279 3060 1076 3142 structoresappellabantur.actionariiquoque
1134 3064 1532 3127 Romanae.Erantautem
1540 3064 1616 3127 etin
1624 3061 1931 3128 cermamaredltus

144 3161 147 3166 '
279 3164 350 3226 sire
370 3163 499 3226 actores
521 3161 562 3223 ad
585 3161 672 3222 idem
693 3175 813 3222 munus
837 3158 955 3222 delecti
972 3158 1076 3222 fuere.
1133 3160 1240 3222 eidem
1248 3157 1930 3240 neclesiaesaeculocnristinono,quiunde

279 3262 370 3324 idem
385 3260 536 3324 fortassis
556 3259 700 3322 ofilcium
724 3257 784 3319 sub
809 3257 950 3321 dirersis
964 3259 1077 3322 nomi·
1133 3259 1379 3337 colligerentur,
1388 3260 1551 3324 incertum
1567 3263 1628 3324 est.
1642 3261 1809 3326 Nicolaus
1823 3257 1928 3321 eniml

278 3359 377 3422 nibus
391 3359 464 3422 fuit.
481 3359 617 3422 Constat
630 3359 741 3420 autem
762 3373 806 3419 ex
826 3357 976 3435 epistolis
991 3360 1078 3420 Gre-
1133 3359 1224 3435 Papa
1256 3357 1297 3421 ad
1324 3358 1548 3434 ludovicum,
1578 3361 1774 3423 Germaniae
1807 3371 1926 3433 regem,

278 3460 366 3537 gorii
379 3458 504 3536 Magni,
520 3456 623 3518 fuisse
634 3455 728 3518 varia
743 3454 1002 3533 locupletissima
1023 3471 1079 3534 pa·
1132 3456 1292 3530 scribens,
1307 3457 1437 3536 epistol.
1448 3459 1499 3531 55,
1516 3457 1580 3520 sibi
1595 3460 1818 3522 constitutum
1836 3454 1881 3516 ait
1893 3451 1927 3512 de

276 3557 435 3620 trimonia
443 3559 566 3618 sanctae
580 3558 738 3618 Romanae
746 3553 904 3616 Ecclesiae
912 3554 948 3615 in
962 3554 1077 3617 Sicilia
1131 3553 1240 3632 legato
1262 3555 1548 3620 mittendo:‹Pro
1565 3557 1763 3621 uniusanni
1777 3551 1927 3617 reditibus

278 3656 398 3728 Gallia,
415 3655 533 3732 Appia,
550 3652 716 3726 Calabria,
733 3651 913 3730 Campania
928 3652 1074 3724 Corsica,
1131 3667 1243 3714 rerum
1255 3653 1469 3716 SanctiPetri
1480 3653 1517 3716 in
1527 3671 1632 3732 regno
1646 3657 1765 3721 restro
1778 3654 1923 3714 sitarum:

278 3752 445 3826 Sardinia,
462 3751 637 3824 Dalmatia,
650 3750 805 3819 Thuscia,
817 3749 941 3822 Africa,
954 3749 987 3810 et
1000 3749 1076 3811 aliis
1131 3765 1231 3827 quum
1244 3750 1386 3813 duorum
1396 3767 1560 3815 annorum
1570 3756 1642 3831 lam
1654 3755 1809 3832 tempora
1821 3745 1925 3828 prete

276 3847 1076 3912 inlocis.Meminitetiamhnastasiusinvituio-
1130 3847 1264 3921 rIerint,
1291 3865 1334 3910 ex
1352 3865 1418 3927 quo
1438 3849 1566 3913 reditus
1588 3867 1631 3914 ex
1655 3853 1728 3914 illis
1752 3841 1924 3912 debuerunt

277 3949 375 4010 annis
387 3950 415 4011 V
428 3950 539 4026 Papae,
551 3946 787 4024 patrimonium
804 3945 928 4007 Siciliae
940 3946 973 4008 et
985 3945 1078 4008 Gala·
1131 3960 1204 4008 esse
1217 3944 1364 4023 collecti;
1378 3949 1531 4011 etnosex
1543 3949 1692 4014 eisnihil
1705 3946 1923 4025 recepimus.»

276 4047 369 4112 briae.
386 4051 480 4122 Tum,
496 4046 532 4108 in
546 4046 613 4108 rita
631 4045 811 4118 Zachariae,
829 4044 967 4107 testatur
989 4044 1076 4106 idem
1132 4044 1287 4106 Pontifex
1302 4045 1401 4119 idem,
1417 4046 1454 4108 in
1471 4047 1612 4125 epistola
1628 4051 1658 4110 ll
1670 4049 1716 4112 ad
1737 4042 1921 4109 Michadlem

277 4145 435 4224 scriptor,
458 4143 613 4207 restituta
634 4143 738 4206 fuisse
755 4141 910 4207 Pontifici
927 4157 950 4204 α
972 4147 1077 4206 fras·
1131 4144 1322 4205 Graecorum
1343 4143 1578 4222 imperatorem
1603 4147 1670 4208 alia
1692 4143 1843 4210 recenset
1858 4142 1920 4201 llo-

275 4248 415 4318 anmado,
426 4248 511 4308 duce
524 4245 696 4320 spoletino
710 4245 897 4305 subtractae
909 4241 1077 4318 patrimo·
1131 4256 1238 4302 manae
1250 4230 1408 4304 Ecclesia
1422 4243 1623 4320 patrimonia
1637 4261 1657 4308 a
1678 4243 1806 4309 Graeois
1827 4251 1919 4300 usur·

275 4347 384 4416 ratum,
396 4346 485 4418 quod
491 4356 677 4418 perurzaos
685 4341 949 4417 propctrtptuta
958 4341 1077 4415 deerat
1131 4339 1219 4416 pata.
1235 4341 1585 4417 «pretermiserint,
1606 4343 1853 4406 calabritanum
1866 4347 1920 4412 pa·

274 4443 438 4514 comtum,
456 4442 559 4515 utque
573 4442 783 4513 Narrateuse,
801 4437 1074 4500 ctiuanctduaci-
1130 4437 1323 4501 trimonium
1345 4440 1378 4502 et
1393 4439 1553 4511 Siculum,
1567 4457 1708 4520 quaeque
1726 4440 1847 4503 nostrae
1861 4433 1918 4494 Eo-

274 4556 431 4612 ananum,
439 4537 812 4613 abrenunciationem,
820 4550 952 4598 raccuora
962 4537 996 4597 et
1004 4539 1076 4599 Nu·
1130 4537 1242 4600 etesiae
1264 4553 1422 4600 concessa
1446 4537 1590 4612 fuerunt,
1612 4541 1645 4601 et
1667 4555 1708 4604 ea
1730 4528 1916 4620 possidenda

274 4639 489 4710 nannetense,
506 4637 568 4698 eto.
588 4634 732 4697 Proinde
757 4650 857 4712 quum
881 4633 964 4710 legis
986 4634 1074 4709 apud
1128 4629 1281 4710 obtinuit,
1300 4638 1334 4699 et
1347 4636 1551 4714 disponendo
1575 4653 1634 4716 per
1647 4654 1726 4702 suos
1745 4631 1915 4699 familiares

275 4735 426 4798 eumdem
437 4733 650 4796 Anastasium
665 4734 701 4795 in
719 4733 797 4795 Vita
810 4731 949 4796 loannis
960 4733 1029 4805 vll,
1042 4733 1075 4794 et
1128 4747 1246 4810 regere
1265 4733 1401 4806 studuit,
1417 4735 1538 4797 vestris
1559 4735 1830 4800 concessionibus
1848 4723 1915 4790 red-

274 4832 361 4910 apud
375 4831 517 4894 Paulum
531 4831 713 4893 Diaconum
727 4831 763 4894 in
779 4831 926 4893 Historia
941 4833 1075 4908 Lango-
1128 4830 1265 4906 dantum
1279 4829 1436 4907 quoniam
1448 4833 1678 4896 irrationabile
1692 4835 1752 4906 est,
1770 4833 1805 4893 ut
1816 4823 1913 4891 Eccle-

274 4930 421 5002 bardica,
438 4928 742 5001 donationemsive
752 4928 993 4991 restitutionem
1008 4932 1074 4991 Pa·
1128 4928 1264 4990 siastica
1286 4929 1463 5004 possessio,
1481 4932 1568 4994 unde
1592 4933 1771 4995 luminaria
1790 4929 1822 4991 ot
1838 4937 1911 4986 con·

274 5027 424 5090 trimouii
435 5026 568 5103 Alpium
583 5027 765 5088 cottiarum
778 5025 819 5086 ab
829 5027 981 5104 ariperto
989 5029 1074 5088 Lan·
1128 5025 1336 5088 cinnationes
1354 5027 1512 5091 Ecclesiae
1536 5031 1596 5093 Dei
1618 5030 1692 5093 fleri
1707 5026 1833 5096 debent,
1848 5022 1910 5084 ῑθΐ·

274 5125 496 5204 gobardorum
528 5139 608 5199 rege
631 5121 764 5194 factam,
778 5123 811 5184 et
830 5139 850 5184 a
867 5124 1072 5200 Luitprando
1128 5139 1208 5186 rena
1227 5124 1344 5202 quavis
1363 5127 1525 5202 potestate
1551 5127 1796 5192 subtrahantur.
1818 5121 1910 5185 »Leo

274 5223 501 5288 confirmatam
516 5220 673 5283 Ecclesiae
689 5222 869 5283 Romanas:
888 5221 941 5283 his
960 5222 1071 5284 verbis
1127 5221 1227 5284 etiam
1255 5225 1310 5295 lli,
1325 5222 1360 5284 in
1393 5225 1523 5301 epistol.
1549 5231 1568 5288 7
1599 5227 1640 5288 ad
1672 5221 1907 5290 constabilitum

273 5323 321 5386 nil
334 5321 425 5384 aliud
438 5319 622 5396 significari
635 5319 725 5396 puta,
740 5333 839 5396 quam
851 5319 970 5394 cortes,
985 5335 1074 5397 prae·
1127 5320 1380 5382 Monomachum
1406 5323 1654 5400 imperatorem,
1667 5327 1780 5388 eadem
1809 5313 1907 5399 patri·

273 5422 345 5496 dia,
372 5423 405 5482 et
426 5417 558 5480 fundos.
587 5419 672 5479 Nam
699 5415 786 5500 quod
809 5417 1072 5480 Bartholomaeus
1127 5413 1905 5502 moniarepetlt.sedlongehlsmaporadonaria

273 5519 435 5584 Zucchius
455 5516 639 5580 inflictor.
656 5515 1071 5593 uoaoeateasteplstolan
1127 5515 1283 5578 Ecclesiae
1316 5518 1474 5579 Romanae
1507 5535 1527 5580 a
1556 5523 1769 5584 Constantino
1800 5517 1906 5588 Mdsslw

273 5619 398 5698 profert
427 5617 468 5679 ab
500 5615 654 5693 Ariperto
679 5612 835 5692 scriptam
854 5614 977 5676 loanni
998 5617 1068 5687 Vll,
1126 5613 1236 5675 oblata
1257 5614 1368 5692 patulo
1381 5631 1439 5677 ore
1454 5617 1672 5683 contendebat
1687 5611 1902 5698 luitprandus,

273 5722 422 5783 Romano
453 5713 617 5788 Pontifici,
650 5712 686 5774 in
716 5726 781 5790 qua
813 5711 892 5774 ait:
929 5715 988 5777 Ea
1008 5721 1070 5784 boe
1125 5713 1356 5777 Cremonensis
1371 5713 1556 5794 episcopus,
1574 5717 1609 5779 in
1624 5734 1684 5782 sua
1700 5715 1856 5797 legatione
1869 5701 1902 5768 sd
1968 5743 1969 5776 ss
