4004 6302
76 336 141 401 833
652 373 655 378 ι
719 333 764 396 IN
787 333 1096 406 GOENADOM1N1‚

1670 335 1730 394 834

121 497 205 560 Item
218 494 315 559 turim
330 510 403 574 quae
417 491 509 557 venit
535 507 611 560 cum
630 494 733 556 ramis
747 494 880 571 palma·-
934 493 1083 558 lasciriis
1097 495 1131 557 et
1144 493 1337 557 erroribust
1354 493 1393 556 st
1410 492 1497 556 elcut
1510 493 1567 554 ille
1581 493 1729 556 indomi-

79 613 156 657 rum
172 593 341 670 significat
356 593 482 666 laudes,
499 608 581 669 quas
596 593 713 654 Patres
728 592 764 653 iu
775 590 880 654 veteri
935 593 999 664 tus,
1015 593 1062 654 ita
1076 593 1217 672 populus
1241 593 1389 670 gentium
1409 607 1475 653 non
1487 593 1559 654 erat
1580 592 1640 653 sub
1648 594 1731 671 jugo

79 694 295 755 Testamento
317 693 350 753 et
374 707 458 753 novo
478 690 658 752 reddebant
683 693 761 764 Deo,
784 691 880 768 Juxta
935 691 1057 752 veteris
1080 691 1132 753 vel
1156 690 1234 752 novi
1255 690 1468 752 Testamenti.
1484 691 1524 752 st
1538 690 1623 767 quod
1646 689 1732 752 sedit

80 793 166 853 illud
178 790 352 868 Evangelii
369 813 376 850 :
390 791 436 852 ut
449 793 508 864 aaa
518 791 690 865 praeibant
705 790 738 852 et
752 793 810 864 qui
822 804 881 850 se·
937 805 1037 864 super
1051 789 1188 865 pullum,
1203 788 1370 864 significat
1383 788 1469 867 quod
1485 788 1556 866 ipse
1570 787 1643 850 erat
1657 803 1732 850 ses-

80 891 280 964 quebantar
306 887 497 950 clamabant
528 887 677 949 dicentes
692 904 704 947 :
722 889 884 949 Benedic-
937 903 1034 947 surus
1056 903 1155 964 super
1174 885 1293 963 populo
1313 886 1388 948 isio.
1416 887 1650 949 Verumtamen
1674 885 1733 947 alii

82 988 308 1062 tuequivenit
319 989 645 1048 irraomineDomz'ai
657 983 880 1073 (Marc.x1,9).
937 983 1151 1061 evangelistae
1172 984 1285 1046 dicunt
1311 983 1353 1045 de
1373 985 1479 1057 asina,
1501 984 1535 1046 et
1554 984 1594 1044 de
1614 985 1731 1062 pullo:

82 1089 203 1147 Patres
216 1085 338 1146 veteris
348 1084 548 1144 'l'estamenii
559 1083 746 1145 clamabant
755 1085 822 1146 Deo
831 1083 884 1144 in-
938 1099 998 1160 per
1010 1082 1139 1144 asinam
1165 1097 1238 1160 quae
1263 1081 1336 1142 erat
1357 1081 1480 1144 domita
1504 1083 1536 1144 et
1558 1081 1734 1160 subjugata

82 1181 267 1255 carnando,
283 1182 360 1244 novi
373 1183 488 1243 Patres
503 1185 570 1244 Deo
585 1183 769 1243 incarnato.
784 1180 884 1242 Pueri
939 1180 1122 1257 significari
1149 1195 1363 1257 synagogam,
1392 1195 1465 1256 quae
1487 1178 1596 1242 luerat
1617 1195 1733 1258 pressa

81 1281 303 1343 Hebraeorum
323 1280 378 1358 qui
394 1281 490 1342 erant
503 1280 538 1340 in
559 1279 667 1352 turba,
694 1278 884 1356 significant
939 1278 1000 1339 sub
1018 1280 1101 1356 Jugo
1122 1277 1215 1355 legis.
1243 1279 1387 1355 Uterque
1410 1277 1549 1354 populus
1566 1278 1639 1338 erat
1653 1279 1733 1339 alli·
1770 1317 1772 1322 -

82 1378 241 1440 homines
264 1378 457 1439 innocentes
481 1377 514 1440 et
540 1393 640 1455 puros
665 1377 801 1450 avitiis,
818 1378 884 1439 eta
938 1377 1035 1452 gatus
1064 1377 1098 1438 et
1126 1375 1325 1438 constrictus
1356 1374 1491 1436 funibus
1523 1376 1734 1452 peccatorum

83 1476 233 1554 peccatis
255 1474 452 1550 mundatos;
480 1475 557 1553 quia
583 1475 678 1552 pueri
697 1475 884 1537 dicuntura
940 1489 1086 1547 suorum,
1103 1473 1135 1536 et
1148 1474 1312 1536 solutione
1326 1473 1508 1551 indigebat.
1525 1473 1589 1536 Sed
1604 1476 1736 1537 Marcus

83 1574 244 1651 puritate,
260 1573 294 1634 et
307 1572 364 1633 isti
386 1572 481 1651 pueri
509 1573 643 1651 propter
662 1573 838 1649 puritatem
854 1573 887 1635 et
940 1572 1120 1651 dicitquod
1143 1572 1255 1648 pullus
1279 1573 1356 1634 ante
1373 1574 1511 1650 januam
1532 1571 1569 1632 in
1582 1571 1672 1633 bivio
1684 1573 1739 1634 in-

82 1669 314 1732 innocentiam
342 1668 531 1746 significant
556 1668 730 1748 martyres
753 1671 810 1749 qui
827 1686 886 1748 per
940 1671 1058 1732 ventus
1073 1672 1133 1732 est.
1149 1673 1258 1732 Janua
1276 1670 1427 1731 Christus
1451 1671 1511 1741 est,
1527 1672 1623 1731 extra
1638 1686 1738 1747 quern

83 1768 288 1846 baptismum
315 1768 348 1830 et
381 1767 650 1845 praedicationem
675 1785 750 1830 oum
775 1768 885 1847 palma
940 1769 1081 1847 populus
1094 1767 1243 1844 gentium
1260 1767 1369 1830 stabat
1383 1767 1516 1843 ligatus,
1540 1783 1607 1830 non
1626 1769 1661 1828 ln
1683 1769 1738 1831 via

85 1866 242 1944 martyrii
258 1865 474 1928 reddiderunt
485 1865 600 1928 laudes
615 1869 693 1930 Deo.
941 1866 1030 1934 fidei,
1044 1865 1101 1928 sed
1117 1865 1152 1925 in
1165 1865 1278 1927 multis
1290 1865 1471 1926 erroribus.

124 1965 342 2038 Acceperonl
363 1978 481 2026 ramos
497 1969 706 2039 paintarum.
725 1964 778 2025 llli
792 1964 886 2026 acci·
981 1965 1106 2040 ltaque,
1122 1963 1255 2036 tratres,
1281 1963 1360 2040 quia
1382 1963 1445 2024 boc
1466 1965 1516 2026 est
1536 1963 1665 2040 tempus
1681 1979 1739 2026 ao-

85 2063 305 2141 pIuntramos
321 2063 377 2138 qui
391 2061 492 2123 verba
520 2063 551 2123 et
576 2061 681 2124 bonas
705 2062 887 2124 sententias
942 2063 1072 2138 ceptum
1094 2061 1127 2122 et
1149 2061 1367 2138 acceptabile,
1388 2060 1484 2132 idest,
1507 2062 1637 2138 tempus
1659 2077 1740 2122 nos-

85 2161 126 2222 de
141 2160 239 2222 libris
259 2161 394 2221 Petrum
415 2159 608 2237 excerpunt,
631 2176 691 2237 per
705 2175 787 2237 quas
801 2161 886 2220 sirn-
942 2162 1003 2222 trae
1043 2159 1291 2236 redemptionis,
1326 2159 1424 2232 idest,
1459 2159 1679 2236 correptionis
1707 2159 1741 2220 et

85 2258 225 2336 plicium
255 2257 513 2319 christianorum
536 2257 744 2319 aedificantur
768 2258 886 2332 corda,
943 2257 1183 2321 emendationis
1217 2258 1295 2319 ritae
1329 2259 1469 2329 nostrae,
1506 2273 1578 2326 nos,
1607 2257 1739 2330 iratres,

86 2373 128 2418 ne
153 2356 270 2417 errent
293 2355 327 2416 in
342 2355 396 2417 via
419 2355 582 2417 veritaIIs.
608 2355 668 2417 Vel
683 2355 750 2417 illae
769 2356 888 2434 palmae
943 2373 1018 2418 cum
1037 2355 1159 2433 gaudio
1182 2355 1403 2433 suscipiemus
1426 2355 1556 2432 tempus
1579 2356 1680 2428 istud,
1706 2355 1743 2416 ut

87 2453 280 2531 significant
305 2451 498 2526 statoriam,
522 2469 621 2531 quam
641 2454 801 2516 Dominus
826 2455 890 2515 he·
943 2455 979 2516 in
995 2454 1048 2516 die
1063 2453 1223 2532 paschali,
1249 2453 1335 2515 idest
1357 2453 1538 2516 Dominicae
1560 2457 1744 2536 Resurrec-

87 2551 167 2614 bere
182 2551 292 2614 voluit
315 2567 375 2628 per
398 2566 531 2612 crucem
554 2552 588 2613 et
612 2553 750 2614 mortem
773 2551 889 2614 cenna
943 2553 1055 2625 tionis,
1077 2568 1152 2615 oum
1176 2551 1315 2614 Domino
1334 2551 1527 2628 gloriemur.
1545 2553 1619 2628 lpse
1641 2550 1743 2613 faciat

87 2649 259 2712 diabolum
277 2649 459 2726 principem
474 2649 601 2712 mortis.
620 2649 659 2712 m
678 2665 792 2712 omnes
807 2665 890 2712 can·
944 2651 1001 2730 qui
1019 2653 1071 2714 est
1094 2649 1285 2713 benedictus
1313 2649 1349 2712 in
1379 2649 1502 2712 saecula
1532 2649 1740 2712 saeculorum.

87 2747 220 2810 tabant:
235 2751 404 2810 Hosarma
417 2749 655 2822 bitioDaoid;
671 2747 757 2826 quod
783 2750 834 2810 est
847 2748 888 2809 ad
943 2751 1059 2812 Amen.
1452 2751 1456 2759 “

88 2845 267 2908 dicendum
282 2865 289 2906 ε
305 2845 355 2907 sn
368 2845 441 2906 laus
455 2845 489 2905 in
500 2835 592 2906 coelis
608 2845 648 2906 ad
661 2847 848 2908 Dominum.

127 2943 275 3005 Verbum
288 2943 378 3004 istud
388 2945 547 3005 Hosanna
562 2944 772 3020 componitur
784 2959 828 3005 ex
841 2944 890 3005 in·

88 3042 184 3116 tegre
200 3041 234 3102 et
248 3040 415 3117 corrupto
430 3043 487 3102 Ost
498 3039 586 3101 enim
602 3041 820 3114 sonatsoloo,
836 3041 890 3103 vel

88 3139 371 3210 salomomonis
380 3136 431 3199 esi
442 3137 627 3215 interjectio
638 3136 888 3201 obsecrationis.

89 3238 148 3298 Est
173 3251 255 3312 ergo
279 3237 436 3296 Hosanna
451 3235 546 3313 quasi
563 3237 619 3298 Osi
640 3239 736 3300 Anne
753 3259 761 3297 ι
778 3237 887 3310 Salve,

90 3334 242 3408 obsecro,
259 3333 292 3396 et
304 3333 354 3395 est
370 3349 437 3395 una
463 3333 574 3396 dictio.
589 3333 674 3396 Filio
698 3335 802 3396 David
817 3338 889 3397 Ho-

89 3447 210 3506 sanna,
234 3431 329 3505 idest,
346 3432 449 3504 salva,
478 3431 626 3494 obsecro.
643 3432 704 3494 Vel
724 3433 802 3495 sunt
815 3433 890 3495 duae
984 3435 1152 3498 Sarreait
1165 3438 1333 3498 Dominus
1346 3451 1369 3497 a
1382 3435 1533 3510 coenaet
1544 3435 1659 3510 posuit
1672 3449 1744 3496 oes-

91 3529 256 3592 dictiones
273 3529 401 3590 :OFili
416 3528 531 3599 David,
552 3522 695 3591 Osanna.
713 3531 891 3592 Etclama-
946 3535 1091 3597 timente
1112 3547 1188 3607 stra,
1209 3533 1243 3596 et
1271 3547 1350 3594 cum
1373 3528 1559 3608 acceptsset
1585 3532 1740 3604 lictorem,

91 3627 171 3690 bant
184 3627 299 3689 conba
314 3627 441 3704 ipsum:
458 3629 663 3690 Benedictus
674 3631 732 3702 qai
747 3629 840 3691 venit
854 3632 891 3692 ia
942 3631 1132 3708 practaait
1145 3643 1194 3694 se.
1216 3633 1348 3692 Deinde
1362 3631 1459 3695 maso
1475 3633 1655 3704 aquamola
1669 3633 1745 3706 pel-

91 3729 233 3788 oomine
246 3727 395 3798 Domini,
408 3725 504 3802 quasi
518 3725 622 3788 dicat:
635 3725 697 3787 Hic
712 3726 762 3788 est
774 3726 814 3789 de
826 3743 890 3804 quo
945 3734 1028 3803 vim,
1050 3730 1085 3793 et
1105 3727 1205 3809 coepit
1232 3733 1352 3790 lavare
1373 3729 1477 3804 pedes
1499 3729 1746 3803 darcipzdorum

91 3823 217 3886 dictum
233 3823 300 3886 estz
314 3824 414 3886 Dabit
424 3826 472 3886 tui
485 3827 656 3886 Dominus
668 3828 761 3887 Deae
774 3829 890 3888 sedem
944 3841 1100 3900 mmmm,
1117 3827 1151 3889 et
1164 3826 1238 3888 ait:
1259 3828 1470 3902 Eoemplam
1490 3827 1567 3887 dedi
1586 3827 1690 3898 oobts,
1706 3826 1746 3888 ut

94 3923 206 3982 David
232 3921 347 3996 patris
375 3923 451 3994 ejus
479 3921 512 3982 et
539 3923 698 3998 reproabtt
722 3926 760 3984 ta
791 3925 890 3986 dorm
945 3927 979 3988 et
993 3941 1052 3988 eos
1068 3925 1230 3987 similiter
1252 3923 1391 3998 faciatis
1414 3921 1524 4002 (Joan.
1540 3939 1614 3995 1111,
1632 3926 1662 3998 4,
1679 3921 1743 4002 15).

91 4021 195 4080 Jacob
216 4023 255 4080 in
273 4020 444 4080 catarnaum
458 4019 552 4098 (Luc.
570 4034 594 4092 1,
609 4018 675 4100 32).
688 4021 727 4082 Ei
746 4021 888 4082 iterum=
985 4024 1135 4100 Quinque
1155 4023 1190 4083 in
1204 4020 1315 4084 verbis
1329 4021 1516 4097 praepositis
1530 4021 1742 4094 adnotantur,

1143 3027 1148 3038 ’
1276 2997 1410 3086 XXIII

1160 3222 1205 3285 tri
1227 3221 1354 3284 COENA
1374 3221 1526 3283 DOMINI

93 4115 338 4178 convertebant
351 4115 454 4178 verba
477 4115 518 4177 ad
538 4116 647 4194 ipsum
662 4117 695 4179 et
709 4115 864 4180 dicebant
880 4139 887 4177 :

92 4216 253 4275 Hosanna
265 4213 301 4274 in
314 4214 467 4286 excelsis,
485 4213 563 4292 quia
577 4217 681 4276 Deum
690 4215 767 4276 coeli'
779 4216 812 4277 et
826 4231 890 4277 an·

91 4311 244 4387 gelorum
268 4311 364 4373 illum
387 4310 621 4388 praedicabant.
638 4312 678 4375 m
697 4328 815 4374 versus
828 4313 890 4374 iste

90 4410 243 4486 sumptus
257 4413 307 4470 est
316 4408 356 4469 de
372 4409 552 4471 centesimo
566 4409 599 4471 et
613 4409 890 4486 septimodecimo

91 4504 231 4582 psalmo,
246 4504 458 4567 ubidicitur:
477 4508 671 4580 ODomz'oe,
689 4512 890 4572 sotoumme

89 4606 191 4678 [aaa
211 4606 368 4675 Domine,
385 4607 468 4666 bene
486 4618 712 4678 prosperare.
728 4608 891 4667 Benedic-

91 4702 146 4762 tus
156 4703 216 4775 qut
229 4700 888 4782 venitianomtaeDominI(Ps.117,25).

90 4801 127 4859 ln
137 4796 449 4859 Hebrae020bsecro
463 4798 612 4870 Domine,
623 4798 727 4873 salva,
740 4799 888 4874 obsecro,

90 4894 297 4968 benedictus,
312 4893 409 4968 idest,
426 4895 590 4972 gloriosus
606 4895 662 4974 qui
681 4897 817 4959 renitet
833 4897 890 4958 in-

90 4993 249 5055 carnatus
265 4993 396 5054 estnon
416 4993 451 5055 in
460 4994 594 5056 nomine
609 5009 680 5067 suo,
693 4995 778 5058 sicut
791 4997 890 5058 Anti-

91 5091 249 5164 christus,
266 5091 366 5152 sedin
382 5092 515 5153 nomine
528 5091 707 5153 Patrissui
720 5094 760 5155 nt
770 5093 891 5156 iterum

90 5187 288 5266 repetebant
302 5189 446 5262 Osanna,
462 5189 560 5263 idest,
574 5192 677 5264 salva,
696 5190 844 5263 obsecro,
859 5192 892 5254 et

91 5287 207 5348 mount
225 5285 283 5347 ubi
294 5287 413 5349 volunt
440 5287 575 5360 salvari,
602 5287 699 5361 idest,
728 5288 764 5348 in
793 5289 891 5351 altis·

91 5385 195 5457 simia,
224 5384 308 5446 etin
323 5384 524 5458 coelestibus,
538 5401 605 5447 non
619 5386 654 5446 in
670 5387 824 5448 terrenis.

129 5484 176 5545 st
190 5483 324 5545 invenlt
337 5485 439 5546 Jesos
461 5487 602 5546 acediam
624 5484 658 5546 et
681 5484 891 5560 sedttscper

90 5595 169 5642 eram
185 5577 296 5660 (toan.
312 5596 374 5653 x11,
388 5579 452 5660 14).
462 5581 545 5653 Quid
560 5597 620 5659 per
634 5581 760 5659 pullum
773 5583 888 5657 asinae,

943 4119 1109 4192 videlicet,
1127 4135 1146 4180 a
1162 4134 1256 4179 coena
1276 4132 1423 4193 surgere,
1435 4117 1632 4180 vestimenta
1647 4118 1746 4194 depo-

944 4235 1036 4291 nere,
1059 4217 1162 4279 linteo
1181 4231 1218 4278 se
1237 4215 1453 4293 praecingere,
1479 4230 1599 4291 aquam
1618 4215 1653 4276 in
1672 4215 1746 4291 pel-

944 4317 1012 4379 vim
1040 4315 1181 4386 mittere,
1214 4313 1454 4390 discipulorum
1488 4311 1589 4390 pedes
1617 4312 1743 4376 lavere.

945 4411 1096 4475 Officium
1119 4410 1206 4488 quod
1230 4409 1326 4472 nobis
1350 4408 1515 4485 agendum
1538 4408 1687 4472 imminet
1703 4408 1744 4472 de

945 4512 997 4573 his
1010 4509 1155 4572 breviter
1169 4507 1344 4570 dicendum
1359 4508 1483 4568 monet.

986 4608 1139 4671 Surrexit
1150 4605 1309 4668 Dominus
1329 4621 1469 4666 acoena.
1483 4604 1660 4682 Triplicem
1676 4619 1746 4668 coe-

945 4719 1023 4765 nam
1039 4702 1228 4764 invenimus
1250 4701 1285 4762 in
1305 4700 1478 4778 scripturis
1493 4721 1501 4761 ε
1519 4700 1627 4777 prima
1648 4716 1745 4762 coena

945 4807 997 4864 esi
1010 4799 1147 4862 relectio
1170 4800 1248 4861 vitae
1268 4799 1413 4870 aeternae,
1428 4798 1584 4871 secunda,
1605 4797 1744 4860 dulcedo

946 4896 1233 4974 contemplationis
1257 4895 1399 4974 divinae3
1416 4895 1516 4958 tertia
1538 4897 1589 4958 est
1607 4896 1743 4959 nilseria

945 4995 1119 5075 praeseutIs
1133 4993 1221 5057 vitae.
1248 4997 1295 5056 De
1318 4994 1427 5072 prima
1445 4993 1587 5071 legimus
1599 4994 1634 5055 in
1649 4997 1742 5072 Apo-

945 5093 1097 5172 calypsi:
1123 5093 1251 5164 Venite,
1272 5095 1532 5170 conprepamiai
1551 5095 1596 5155 aa
1608 5109 1744 5154 coenam

944 5207 1109 5270 maenam
1126 5195 1191 5254 Dei
1216 5189 1329 5271 (Apoc.
1354 5205 1425 5263 mx,
1448 5189 1511 5269 17).
1532 5193 1579 5251 De
1598 5191 1743 5252 secunda

945 5291 1105 5352 Dominus
1119 5289 1200 5351 dicit
1211 5288 1356 5350 ibidem:
1376 5291 1463 5350 Ecce
1483 5289 1537 5349 sto
1555 5291 1600 5350 aa
1616 5291 1744 5353 ostium

945 5386 979 5447 et
990 5389 1100 5460 pauo,
1117 5383 1146 5443 si
1161 5383 1236 5460 quis
1251 5382 1422 5459 aperuerit
1440 5381 1534 5454 mibi,
1556 5382 1686 5446 intrabo
1701 5385 1743 5446 ad

946 5497 1021 5545 euru
1035 5483 1069 5544 at
1089 5479 1226 5542 coenabo
1244 5493 1385 5551 cumae,
1407 5479 1526 5557 etipse
1541 5495 1679 5542 mecum.
1696 5485 1743 5544 De

946 5581 1043 5642 tertia
1056 5579 1178 5656 legitur
1193 5575 1227 5640 in
1244 5577 1424 5654 Evangelio
1433 5597 1440 5638 ε
1449 5579 1616 5641 Sarreoott
1629 5583 1744 5642 Domi-

92 5678 155 5739 nisi
174 5677 317 5756 populus
341 5679 489 5764 gentium
513 5678 570 5760 qui
592 5679 735 5743 nutritus
760 5680 832 5742 erat
854 5681 889 5746 in
945 5693 1011 5741 ores
1025 5693 1048 5741 a
1061 5691 1168 5738 coeno.
1186 5677 1272 5740 Ante
1287 5683 1415 5740 coenam
1428 5674 1603 5752 prandium
1619 5673 1743 5754 prepa-

233 5849 350 5894 ramos.
371 5851 446 5894 rous
465 5839 486 5894 l.

1554 5825 1598 5886 27.
