4066 6294
304 297 342 358 31
927 287 1105 360 HONORII
1127 288 1173 350 111
1195 289 1344 362 OPERA.
1934 289 1975 352 32

305 476 354 540 tes
373 486 480 552 neque
497 486 571 549 quae
583 465 779 548 loquuntur,
797 481 905 546 neque
926 465 1103 546 dequibus
1158 468 1191 532 et
1206 483 1285 532 arca
1302 483 1377 534 cum
1393 468 1544 540 uectibus
1563 467 1645 544 suis,
1664 485 1739 550 quae
1759 467 1823 533 luit
1845 469 1887 532 in
1914 486 1972 532 se-

304 571 482 642 affirmant,
496 563 1103 647 propterhocquodinsecundolihro
1157 567 1264 630 cundo
1288 567 1377 630 intra
1403 568 1525 650 velum,
1553 567 1728 632 manifeste
1754 584 1794 631 ao
1817 568 1971 632 mirilico

304 668 572 734 Machahaeorum
583 666 623 727 do
632 664 850 726 absconsione
858 663 1104 726 tabernaculiet
1133 725 1134 748 2
1157 682 1257 744 opere
1270 665 1398 745 sculpta
1410 667 1514 729 luisse
1526 670 1718 730 cernuntur.

304 785 402 842 arcae,
423 783 484 830 seu
504 766 603 828 etiam
623 763 739 828 altaris
768 763 898 824 incensi
925 763 1101 842 reperitur,
1197 767 1268 827 Hoc
1297 765 1404 840 ‚etiam
1438 765 1721 828 manifestioribus
1752 762 1971 829 documentis

305 867 473 946 superflua
488 863 643 942 opinione
656 862 859 934 existimant,
869 862 979 939 ipsum
991 861 1104 924 taher-
1158 862 1426 942 eloquentissime
1439 864 1554 927 doctor
1566 866 1633 928 Leo
1645 863 1973 942 Papainsermoni-

304 965 470 1036 naculum,
490 963 523 1025 et
538 977 651 1024 arcam
666 961 720 1024 rel
731 961 848 1032 altare,
867 959 1028 1024 hactenus
1046 977 1104 1022 oo-
1157 961 1219 1024 hus
1231 962 1411 1024 Dominicae
1422 962 1843 1041 Passionis,quumderelo
1854 965 1972 1024 scisso

304 1063 427 1126 cultata
446 1075 552 1138 usque
572 1059 613 1122 ad
636 1061 766 1138 tempus
786 1057 889 1121 futuri
908 1058 1029 1136 judicii
1053 1059 1105 1122 la·
1158 1059 1326 1138 intemplo
1339 1060 1399 1122 suh
1412 1061 1644 1138 ipsotempore
1657 1060 1823 1138 passionis
1836 1059 1972 1122 Christi

304 1164 386 1235 tere,
402 1161 434 1223 et
445 1157 606 1234 ignorari,
621 1157 684 1220 etc.
921 1197 923 1201 -
1159 1159 1275 1221 contra
1311 1157 1484 1236 perfidiam
1517 1157 1710 1222 iudaeorum
1741 1158 1970 1224 contestando

1160 1257 1342 1330 inveheret,
1362 1256 1533 1320 declarare
1553 1257 1695 1332 ridetur,
1716 1256 1794 1319 dum
1810 1257 1973 1336 ipsorum

299 1333 341 1396 V·
365 1335 458 1403 ΟΜ
478 1333 632 1410 ⁸⁰⁷²²10⁰²¹⁶
653 1334 719 1395 Tm
740 1331 773 1395 0⁸
800 1331 1011 1406 Vespasiani,
1027 1343 1104 1404 W
1160 1354 1783 1419 caecitatemiudaeorumomniamundi
1796 1356 1973 1420 elementa
2027 1351 2028 1386 ³

341 1435 380 1494 tu
416 1433 540 1509 ‘emim
578 1431 732 1508 filifania
773 1432 893 1493 notua
932 1427 1103 1493 translata
1162 1453 1349 1518 evidentius
1375 1453 1527 1531 arguisse
1553 1454 1794 1532 protestaretur
1824 1454 1862 1516 in
1891 1469 1973 1516 ser-

341 1531 496 1604 fi‘ssrunt·
1157 1568 1264 1626 mone,
1287 1551 1343 1631 qui
1357 1553 1405 1614 sic
1422 1551 1560 1630 incipit:
1580 1555 1690 1620 Quaem
1711 1551 1830 1615 natatis
1848 1556 1971 1615 azotiis

342 1658 413 1728 Quo
436 1656 547 1718 autem
570 1654 728 1731 tempore,
756 1652 810 1716 vel
835 1669 855 1716 a
881 1651 1001 1732 quihus
1020 1666 1102 1714 rasa
1155 1653 1303 1714 ludoico
1328 1650 1490 1726 impietas
1515 1651 1700 1725 laboraret,
1725 1651 1862 1730 scripsit
1889 1651 1966 1712 ita:

301 1753 426 1830 templi,
445 1753 478 1815 et
496 1752 665 1823 utensilia,
698 1767 757 1812 seu
781 1750 939 1812 universa
962 1749 1102 1811 donaria
1156 1767 1174 1810 ‹<
1197 1747 1288 1822 Quod
1308 1747 1337 1809 si
1361 1747 1402 1810 ad
1421 1749 1609 1825 arguendos
1629 1765 1699 1822 roe,
1714 1765 1776 1811 nec
1796 1749 1967 1820 coelestia,

301 1855 414 1914 Romae
427 1850 535 1915 delata
550 1849 694 1922 suerunt,
709 1849 762 1911 rel
775 1847 831 1910 uhi
844 1848 1000 1926 reposita,
1014 1863 1103 1926 prae-
1156 1864 1175 1908 a
1196 1864 1257 1909 nec
1281 1846 1414 1908 interna
1431 1846 1611 1920 sufiiciunt,
1631 1847 1663 1910 et
1679 1863 1812 1910 crucem
1833 1846 1967 1908 Christi

299 1951 386 2014 latus
399 1949 513 2013 doctor
524 1951 759 2028 Hieronymus,
783 1949 838 2012 oui
855 1949 1026 2028 proprium
1038 1948 1102 2012 luit
1155 1963 1174 2006 s
1195 1945 1302 2024 magis
1321 1945 1499 2023 potuerunt
1516 1945 1619 2024 petrae
1639 1945 1738 2024 atque
1758 1959 1968 2006 monumen-

300 2065 431 2128 semper
447 2065 533 2112 nora
551 2065 711 2126 quaerere,
738 2048 771 2110 et
794 2047 957 2110 absconsa
979 2046 1102 2109 diluci-
1155 2044 1239 2116 «ta,
1263 2059 1362 2123 quam
1393 2044 1505 2106 restra
1537 2043 1637 2106 corda
1669 2043 1804 2118 sentire,
1840 2043 1965 2106 saltem

300 2146 391 2219 dare,
406 2147 441 2208 in
453 2147 661 2223 expositione
678 2144 783 2209 Joelis
804 2144 974 2224 prophetae
996 2145 1101 2210 testa-
1155 2160 1173 2202 «
1194 2142 1280 2220 quod
1293 2142 1462 2221 intemplo
1480 2143 1590 2205 actum
1603 2143 1663 2216 est,
1679 2141 1823 2205 scienter
1830 2141 1964 2205 adver-

180 2247 182 2252 '
300 2245 365 2316 tur,
394 2243 481 2322 quod
510 2243 603 2305 Titus
628 2242 662 2306 et
688 2243 926 2320 Vespasianus,
958 2243 1099 2306 Romani
1154 2241 1263 2304 «tite.
1279 2239 1409 2315 Velum,
1427 2243 1522 2319 quus
1537 2237 1669 2319 objectu
1686 2239 1965 2304 intercludeban-

299 2341 477 2422 principes,
508 2341 583 2419 post
613 2341 843 2404 ascensionem
876 2341 1009 2403 Domini
1040 2341 1101 2403 de-
1154 2339 1248 2402 s'tur
1269 2339 1390 2402 Sancta
1406 2340 1780 2412 sanctorum,asummo
1795 2337 1962 2418 usquead

299 2440 424 2522 structa
443 2439 577 2502 civitate
595 2439 827 2518 Hierosolyma
851 2439 885 2502 et
905 2439 1039 2518 templo,
1057 2437 1098 2502 ob
1152 2453 1172 2500 s
1192 2435 1965 2517 imadiruptumest,etsacrumilludmysticum·

297 2537 473 2599 rictoriam
497 2538 529 2600 et
551 2537 790 2600 monimentum
811 2538 925 2617 populi
943 2537 1096 2610 Romani,
1153 2552 1172 2596 ‹<
1193 2551 1256 2616 que
1269 2537 1443 2609 secretum,
1459 2552 1523 2614 quo
1538 2535 1628 2598 solus
1637 2552 1785 2598 summus
1800 2535 1963 2599 Pontifex

299 2634 410 2696 omnia
426 2635 486 2698 illa
503 2651 576 2714 quae
590 2635 625 2698 in
641 2635 764 2714 templo
780 2635 949 2714 praecipua
963 2652 1004 2698 en
1019 2651 1098 2713 spe·
1153 2651 1171 2694 a
1188 2636 1303 2714 jussus
1315 2633 1424 2698 suerat
1434 2633 1572 2709 intrare,
1586 2635 1774 2697 reseratum
1784 2633 1874 2706 est»
1892 2635 1959 2697 etc.

299 2732 390 2796 ciosa
406 2733 515 2796 Judaei
540 2733 736 2806 habuerant,
765 2749 878 2796 secum
904 2734 1098 2812 asportave-
1193 2732 1260 2794 Suh
1284 2733 1383 2795 altari
1406 2731 1471 2795 isto
1506 2733 1730 2806 sacrosancto,
1761 2732 1801 2794 de
1814 2743 1894 2810 'quo
1923 2733 1960 2794 in

296 2831 385 2904 runt,
401 2831 502 2894 immo
516 2829 556 2892 ah
573 2831 656 2910 ipsis
667 2835 686 2892 J
689 2830 793 2892 udaeis
810 2833 976 2908 asportari
984 2835 1099 2909 jusse-
1152 2831 1308 2909 praesenti
1324 2830 1501 2909 loquimur,
1521 2831 1572 2892 est
1590 2829 1740 2910 quaedam
1757 2831 1868 2908 imago
1884 2830 1960 2893 tota

297 2928 376 2990 runt
390 2949 398 2990 :
412 2929 445 2990 et
457 2927 620 2990 aedificato
639 2931 753 2990 Rornae
776 2928 899 3007 templo
917 2929 1026 3002 Pacis,
1049 2928 1097 2991 ihi
1152 2944 1255 2990 aurea
1272 2927 1424 3010 {Domino
1446 2930 1528 2992 Jesu
1562 2927 1693 2993 Christo
1716 2927 1884 3004 dedicata,
1925 2930 1961 2991 et

297 3039 337 3086 ea
356 3025 392 3085 in
408 3023 583 3086 delubrum
602 3024 743 3087 miridce
766 3025 995 3098 condiderunt,
1023 3033 1097 3106 ortae
1151 3026 1256 3090 heatae
1282 3027 1398 3090 Mariae
1423 3025 1593 3104 Virginis3
1621 3027 1654 3090 et
1677 3027 1784 3095 sancti
1809 3026 1958 3090 ioannis

298 3123 414 3192 Graeca
431 3121 464 3184 et
480 3123 629 3184 Romana
645 3123 761 3186 narrat
776 3121 930 3186 historia.
947 3125 1018 3188 Nec
1034 3123 1098 3186 du·
1150 3125 1319 3204 Baptistae,
1339 3125 1595 3204 sanctorumque
1610 3125 1843 3204 Apostolorum
1859 3125 1958 3188 Petri

297 3218 389 3304 hium
417 3219 505 3281 unde
532 3220 644 3312 tantus
671 3221 725 3282 vir
754 3220 867 3284 docuit
893 3221 1094 3296 habendum,
1152 3224 1185 3286 et
1210 3223 1317 3297 Pauli,
1339 3224 1446 3286 sancti
1471 3223 1844 3302 JoannisEvangelistae
1863 3223 1957 3286 ima-

298 3317 384 3408 quod
397 3321 513 3381 Graeca
529 3320 562 3381 et
577 3321 727 3382 Romana
745 3318 885 3382 historia
902 3321 1007 3384 voluit
1023 3337 1097 3384 esse
1150 3322 1246 3399 gines
1263 3322 1303 3384 de
1316 3323 1438 3385 electro
1451 3338 1562 3384 aureae
1580 3322 1613 3385 et
1624 3322 1802 3399 argenteae,
1821 3337 1957 3386 necnon

297 3415 538 3479 confirmatum.
552 3419 623 3481 Hoc
634 3417 722 3481 idem
739 3434 844 3497 usque
858 3419 957 3482 hodie
969 3419 1095 3498 liquido
1151 3420 1293 3484 aliorum
1322 3420 1556 3499 Apostolorum
1590 3421 1724 3500 penitus
1759 3422 1954 3498 argenteae.

296 3516 511 3596 perpenditur
526 3517 562 3578 in
578 3516 772 3595 triumphali
789 3534 880 3593 arcu,
902 3517 960 3596 qui
980 3519 1098 3598 appel·
1151 3537 1233 3600 quas
1259 3519 1494 3582 Constantinus
1521 3519 1703 3597 imperator
1725 3518 1786 3582 Dei
1814 3534 1953 3595 servus,

295 3612 385 3676 latur
409 3616 541 3691 Septem
558 3615 782 3690 lucernarum,
804 3617 861 3696 qui
885 3617 1096 3682 constructus
1151 3619 1208 3696 qui
1238 3619 1371 3680 easdem
1399 3617 1440 3680 ad
1468 3616 1635 3682 honorem
1660 3617 1843 3680 salvatoris
1869 3619 1955 3682 Jesu

294 3707 400 3772 tuisse
416 3710 575 3788 probatur
591 3712 633 3772 ad
650 3713 845 3776 memoriam
862 3715 1096 3792 praedictorum
1151 3715 1274 3778 Christi
1290 3731 1492 3796 suorumque
1510 3715 1750 3794 discipulorum
1768 3715 1952 3794 imaginari

297 3807 485 3886 principum
511 3809 678 3888 totiusque
701 3811 817 3888 populi
840 3813 983 3876 Romani
997 3814 1096 3892 juxta
1152 3813 1265 3888 studit,
1280 3812 1329 3876 sio
1348 3815 1383 3876 in
1408 3813 1550 3892 quodam
1576 3831 1722 3892 geneceo
1744 3813 1879 3878 molitus
1900 3815 1954 3878 est
2027 3891 2028 3898 χ

296 3905 472 3968 ecclesiam
484 3907 613 3970 Sanctae
625 3908 742 3970 Mariae
754 3910 868 3983 Novae,
882 3910 918 3972 in
934 3926 999 3990 quo
1012 3928 1096 3974 can·
1151 3911 1345 3985 recondere,
1360 3913 1447 3992 quod
1461 3912 1546 3975 nulli
1560 3913 1683 3975 artifici
1696 3928 1758 3992 per
1771 3911 1951 3992 quodcun-

296 4003 442 4079 delahra,
457 4021 530 4084 quae
542 3997 677 4070 luerunt
692 4005 727 4070 in
743 4006 849 4086 priori
868 4007 1094 4084 tabernaculo
1151 4027 1215 4092 que
1226 4009 1399 4090 ingenium
1414 4011 1494 4075 licet
1515 4012 1685 4076 accedere.
