3962 6294
101 335 156 399 421
617 334 728 398 ORDO
750 333 805 396 ab
824 329 1119 397 CORONANDUM
1142 335 1228 397 IMP.
1690 341 1750 404 422

102 495 253 558 dominus
271 498 363 574 Papa
384 494 465 558 dicit
486 513 494 557 τ
517 495 556 558 Et
576 510 638 572 ego
659 497 692 558 ts
713 495 840 574 recipio
860 494 897 558 ut
949 494 980 556 si
994 510 1125 557 omnem
1148 495 1358 574 prudentiam
1379 498 1481 570 tuam,
1508 500 1667 576 quantum
1691 502 1748 564 tua

103 594 205 656 lilium
217 594 391 665 Ecclesiam
405 592 438 655 et
450 593 550 657 mittit
563 609 638 656 eum
653 593 714 655 sub
727 594 850 665 manto,
864 593 898 656 et
949 609 1057 672 capax
1068 594 1119 656 est
1132 595 1264 669 natura,
1278 594 1392 657 divino
1407 595 1544 659 servitio
1556 599 1748 678 mancipare

101 691 155 754 ille
172 692 343 755 osculatur
356 693 472 770 pectus
491 691 616 755 domini
631 695 742 771 Papae,
760 692 794 753 et
807 692 898 753 acci-
949 691 1117 753 voluerisl

101 787 472 868 piteumperdexteram
479 791 667 864 manumet
676 789 896 852 cancellarius
990 781 1179 868 Respondet
1194 805 1202 846 a
1217 790 1266 852 lta
1280 790 1349 854 toto
1365 791 1464 855 corde
1483 793 1571 864 volo,
1588 795 1624 854 in
1640 796 1749 857 omni-

101 891 171 967 ejus
192 887 358 950 sustentat
376 903 452 950 eum
466 903 487 950 a
500 888 649 950 sinistra.
670 888 802 950 Electus
817 903 896 951 vero
949 885 1011 948 bus
1025 887 1160 950 obedire
1179 887 1212 950 et
1227 889 1426 952 consentire.

101 986 231 1048 ducitur
254 1001 317 1064 per
343 985 514 1049 dexteram
547 985 588 1048 ad
623 985 897 1049 archidiaconum
990 986 1150 1063 Interrog.
1176 987 1235 1049 Vis
1258 1002 1368 1049 mores
1386 989 1462 1050 tuos
1485 987 1527 1050 ab
1549 991 1640 1051 omni
1659 991 1747 1053 malo

100 1085 223 1146 domini
257 1087 373 1162 Papae,
408 1085 442 1147 at
471 1085 521 1148 sio
548 1085 654 1150 intrat
681 1101 740 1164 per
767 1085 897 1164 portam
949 1084 1151 1162 temperare,
1181 1084 1215 1148 et
1243 1086 1401 1162 quantum
1427 1086 1570 1164 poteris,
1606 1089 1748 1150 Domino

99 1199 235 1256 aeream,
261 1183 395 1246 clericis
424 1182 513 1250 beati
540 1183 632 1246 Petri
659 1182 895 1246 sanantibus:
950 1181 1140 1260 adjurante,
1157 1182 1199 1244 ad
1215 1182 1450 1246 omnebonum
1465 1186 1692 1248 commutaret

100 1279 306 1342 Benedictus
334 1281 495 1340 omnious
519 1283 613 1342 Deam
641 1281 768 1352 lueet,
792 1295 897 1358 usqua
990 1282 1029 1343 R.
1052 1283 1090 1343 ln
1114 1282 1275 1359 quantum
1297 1297 1443 1360 possum,
1469 1283 1556 1346 volo.

101 1377 138 1438 ad
162 1377 296 1455 portam
323 1375 560 1455 argentariam.
587 1375 636 1439 ibi
659 1376 794 1441 dimittit
821 1393 897 1439 eum
990 1377 1052 1440 lut.
1072 1380 1134 1471 plis
1148 1378 1361 1443 sobrietatem
1375 1397 1450 1444 cum
1460 1381 1521 1444 Dei
1535 1381 1662 1444 arixilio
1677 1399 1749 1444 cns·

100 1475 252 1537 dominus
274 1478 367 1554 Papa
386 1475 549 1538 orantem.
572 1477 676 1548 Quem
699 1475 789 1537 lento
813 1476 896 1538 sub·-
949 1475 1081 1539 todiret

100 1574 248 1651 sequitur
283 1572 390 1650 gradu
425 1573 553 1650 Regina
588 1589 664 1636 cum
697 1573 897 1650 supradictis
990 1577 1029 1638 R.
1052 1576 1265 1655 inquantum
1283 1593 1428 1655 possum,
1445 1578 1533 1641 volo.

101 1671 292 1734 ductoribus
307 1672 377 1732 suis
396 1671 559 1748 usquead
579 1670 803 1748 supradictam
819 1687 898 1750 por-
991 1673 1051 1736 int.
1074 1674 1133 1736 Vis
1151 1690 1282 1752 semper
1301 1675 1423 1738 divinis
1438 1675 1623 1754 mancipari
1645 1693 1749 1752 nego-

100 1771 162 1830 tam
201 1771 410 1846 argenteam.
448 1769 579 1832 Electus
617 1785 698 1832 vero
735 1770 897 1849 completa
949 1769 1017 1843 tiis,
1031 1773 1098 1834 eta
1114 1772 1216 1833 lucris
1230 1772 1381 1850 turpibus
1397 1788 1470 1834 esse
1485 1772 1627 1844 alienus,
1642 1791 1750 1851 quan-

100 1867 264 1942 oraiione,
291 1869 415 1944 surgit3
441 1868 474 1930 et
496 1868 672 1946 episcopus
698 1867 897 1930 albanensis
949 1869 1019 1930 tum
1034 1869 1066 1932 te
1080 1869 1227 1932 bumana
1242 1871 1403 1948 permittit
1421 1869 1604 1948 tragilitasl

100 1965 252 2029 decantat
281 1981 383 2044 snper
417 1981 492 2028 eum
524 1965 613 2028 bano
641 1965 784 2044 primam
816 1981 897 2028 ora·
990 1969 1029 2031 R.
1052 1970 1261 2046 lnquantum
1277 1985 1422 2046 possum,
1438 1969 1526 2030 volo.

99 2064 245 2126 tionem:
989 2066 1051 2128 lnt.
1074 2067 1133 2127 Vis
1165 2065 1385 2128 bumilitatem
1419 2068 1451 2128 et
1484 2066 1676 2146 patientiam
1712 2067 1746 2127 in

135 2165 260 2224 «Deus
274 2162 310 2224 in
324 2165 419 2242 eujus
435 2179 537 2226 manu
550 2161 650 2226 corda
666 2165 743 2238 sunt
756 2165 895 2241 Regum,
950 2163 1050 2226 temet
1067 2163 1141 2241 ipso
1156 2164 1333 2238 custodire,
1352 2165 1385 2228 et
1403 2164 1488 2226 alios
1507 2164 1550 2227 ad
1567 2164 1631 2227 lroo
1653 2165 1748 2227 inoli-

100 2260 219 2322 incliua
240 2261 284 2322 ad
307 2277 423 2338 preces
442 2261 639 2324 humilitatis
655 2262 778 2323 nostrae
797 2277 897 2324 aures
950 2261 1055 2323 naret

100 2357 337 2420 misericordiae
362 2360 444 2432 tuae,
472 2361 505 2422 et
532 2359 682 2438 Principi
707 2359 821 2421 nostro
843 2357 897 2421 fa·
990 2361 1030 2422 R.
1054 2361 1091 2421 In
1106 2361 1265 2436 quantum
1280 2375 1427 2438 possum,
1447 2361 1536 2423 volo.
1577 2351 1581 2358 ’

101 2457 182 2518 mulo
196 2458 259 2518 tuo
276 2457 331 2518 ·N·
352 2457 500 2532 regimen
515 2473 644 2534 appone
660 2456 844 2536 sapientias,
861 2457 898 2519 ut
991 2457 1053 2519 lut.
1070 2457 1277 2534 Pauperibus
1290 2459 1323 2521 et
1332 2457 1519 2536 peregrinis
1529 2457 1748 2534 omnibusque

100 2553 223 2616 haustis
238 2553 281 2616 dc
296 2554 353 2616 tuo
367 2554 458 2617 tonte
468 2555 617 2616 consiliis
633 2555 773 2634 placeat,
789 2555 824 2617 et
839 2571 897 2617 su·
949 2554 1174 2630 indigentibus
1186 2555 1237 2616 vis
1250 2571 1323 2617 esse
1334 2557 1470 2635 propter
1481 2571 1601 2619 nomen
1616 2556 1748 2618 Domini

100 2665 153 2727 per
165 2650 282 2713 omnia
302 2667 406 2728 regna
422 2652 601 2730 praecellat.
618 2669 637 2714 a
950 2651 1095 2713 affabilis
1110 2652 1143 2715 et
1157 2653 1369 2716 misericorst

134 2747 896 2828 PosteadominusPapaingreditureoclosiam
989 2753 1028 2814 R.
1053 2750 1147 2812 Volo.

100 2845 180 2909 beati
188 2847 295 2922 Petri,
303 2847 436 2910 clericis
444 2848 593 2927 ejusdem
602 2847 753 2912 ecclesiae
762 2849 897 2911 cautan·
988 2849 1028 2911 Et
1053 2848 1142 2913 dicat
1163 2849 1316 2912 dominus
1341 2852 1460 2929 Papa:
1483 2852 1563 2913 Haeo
1584 2851 1695 2913 omnia
1715 2853 1748 2913 et

101 2945 181 3007 tibus
198 2946 476 3024 responsorium:
491 2949 611 3020 Petro,
626 2963 728 3010 omos
743 2961 811 3010 me.
823 2951 895 3022 Quo
948 2949 1071 3010 ooetera
1090 2947 1177 3010 bona
1200 2947 1326 3010 tribuat
1346 2947 1408 3012 tibi
1428 2949 1599 3022 Dominus,
1617 2950 1652 3013 et
1671 2965 1749 3011 ous-

99 3045 269 3122 completo,
294 3045 448 3106 dominus
463 3048 555 3123 Papa
574 3044 753 3108 benedicit.
768 3045 895 3108 Deinde
948 3044 1053 3109 todiat
1076 3046 1110 3108 te
1135 3046 1234 3125 atque
1257 3045 1451 3110 corroboret
1472 3047 1509 3109 iu
1531 3046 1622 3110 omui
1647 3046 1745 3110 bono.

99 3143 182 3205 sedet
192 3144 229 3205 in
242 3142 322 3205 sade
332 3143 396 3204 sibi
406 3144 594 3222 praeparata
604 3144 640 3205 in
653 3143 791 3206 dextera
801 3144 895 3222 parte
949 3145 989 3208 Et
1002 3144 1202 3222 respondent
1216 3160 1331 3206 omnes
1347 3165 1356 3206 a
1371 3147 1488 3206 Amen.

98 3241 244 3317 ejusdem
253 3240 348 3304 rotae.
358 3242 526 3320 completa
537 3241 688 3304 oratione
696 3241 894 3304 albanensis
989 3243 1051 3304 lut.
1072 3242 1187 3304 Credis
1197 3241 1379 3304 secundum
1392 3242 1646 3320 intelligentiam
1656 3243 1747 3304 tuam

99 3338 263 3418 episcopi,
296 3339 483 3417 ingreditur
517 3341 648 3404 Electus
676 3341 709 3404 et
739 3340 833 3402 sedet
858 3339 894 3402 in
947 3339 981 3402 et
1001 3339 1221 3418 capacitatem
1244 3356 1363 3402 sensus
1385 3339 1435 3403 tui
1456 3341 1606 3402 sanctam
1631 3341 1747 3401 Trini-

99 3437 893 3518 praedietasede,archipresbyterossardinalium,
946 3439 1059 3512 tatem,
1076 3439 1210 3501 Patrem
1229 3439 1263 3500 et
1276 3437 1398 3500 Filium
1417 3439 1451 3500 et
1468 3437 1626 3515 Spiritum
1643 3439 1748 3500 Sano-

98 3537 127 3596 et
143 3535 382 3599 archidiacono
404 3537 483 3599 bino
504 3537 582 3600 inde
603 3553 680 3599 oum
701 3535 896 3599 deducenti-
946 3537 1147 3609 temanum
1166 3538 1270 3599 Deum
1289 3534 1558 3614 omnipotentem,
1578 3537 1747 3614 totamque

98 3629 163 3704 bns,
186 3633 223 3695 et
243 3633 342 3710 juxta
369 3648 446 3695 eum
472 3633 675 3704 sedentibus,
695 3635 732 3696 ut
755 3630 895 3695 doceant
947 3632 982 3695 in
999 3633 1161 3697 Trinitata
1182 3633 1350 3707 deitatem,
1374 3633 1638 3707 coessentialem,
1658 3650 1748 3697 coae-

98 3730 238 3806 qualiter
261 3729 380 3793 dabeat
401 3731 536 3794 domiuo
555 3733 655 3810 Papae
674 3731 710 3792 in
732 3729 893 3793 scrutinio
947 3731 1090 3806 ternum,
1111 3731 1422 3812 coomnipotentem,
1443 3731 1608 3812 urnasque
1627 3721 1747 3796 volun-

97 3829 309 3908 respondere.
343 3829 503 3892 Dominus
536 3832 628 3906 Papa
658 3828 739 3891 iacit
767 3828 892 3891 scruti-
946 3831 1036 3905 tatis,
1051 3831 1223 3910 potestatis
1233 3829 1267 3894 et
1276 3831 1472 3909 majestatis,
1485 3831 1668 3893 creatorem
1681 3846 1748 3893 om·

98 3925 183 3990 nium
212 3927 253 3989 in
283 3925 371 3990 bunc
397 3919 545 4002 modum,
577 3926 703 4006 septem
729 3925 894 4006 episcopis
947 3928 1040 3990 nium
1059 3930 1299 4001 creaturarum,
1317 3943 1337 3989 a
1357 3942 1422 4006 quo
1441 3927 1554 3990 omnia
1575 3929 1608 3990 et
1630 3927 1746 4006 inquo

98 4025 286 4089 sedentibus
305 4026 346 4088 ad
362 4025 531 4089 dexteram
549 4027 621 4104 eJus
641 4025 822 4088 secundum
837 4040 894 4087 or-
947 4025 1058 4088 omnia
1073 4041 1147 4104 quae
1162 4025 1241 4088 sunt
1255 4027 1291 4088 iu
1305 4026 1389 4088 coelo
1404 4026 1437 4088 et
1448 4025 1484 4087 in
1495 4026 1586 4089 terra
1598 4025 1760 4088 visibilia

98 4121 203 4186 dinam
237 4140 354 4200 sunm3
386 4123 533 4202 episcopi
564 4121 725 4187 teutonici
756 4122 894 4186 sedeant
946 4122 1197 4186 etinvisibiliat

98 4221 134 4282 ad
159 4222 335 4284 dexteram
357 4221 476 4293 Electi,
501 4221 696 4284 cardinales
716 4221 751 4284 et
779 4219 893 4285 coeteri
986 4223 1025 4284 R.
1048 4219 1213 4293 Assertio,
1230 4219 1264 4283 et
1278 4219 1325 4282 ita
1343 4219 1453 4282 oredo.

98 4319 229 4383 ordines
255 4319 406 4382 ecclesiae
437 4318 583 4381 sedeant.
613 4319 773 4383 Dominus
802 4323 892 4398 Papa
986 4319 1048 4381 lut.
1071 4318 1185 4381 Credis
1209 4317 1376 4396 singulam
1393 4317 1610 4397 quamquain
1628 4321 1744 4383 sancta

99 4415 195 4480 dicit:
945 4417 1107 4481 Trinitate
1121 4431 1298 4496 personam
1312 4433 1416 4479 unum
1430 4418 1535 4479 Deum
1547 4432 1663 4480 verum
1679 4419 1745 4496 ple·

133 4517 307 4596 «Antiqua
319 4517 510 4579 sanctorum
520 4518 651 4596 patrum
663 4517 827 4582 institutio
838 4516 893 4580 do·
945 4533 1025 4579 num
1037 4517 1070 4580 et
1084 4514 1287 4594 perlectuml
1346 4549 1349 4554 -

99 4615 186 4678 rotet
195 4615 350 4694 praecipit
360 4613 395 4676 ut
403 4613 552 4693 quisquis
562 4615 893 4695 eligiturutpraeesse
986 4617 1026 4678 R.
1049 4613 1164 4676 Credo.

99 4709 231 4786 debeat,
268 4711 523 4789 diligentissime
566 4713 776 4776 examinetur
816 4727 892 4775 oum
985 4713 1046 4775 lnt.
1070 4711 1184 4773 Credis
1198 4711 1307 4789 ipsum
1322 4711 1383 4772 Dei
1400 4709 1505 4772 illium
1524 4711 1668 4774 Verbum
1683 4713 1743 4776 Dei

100 4811 183 4872 omni
206 4810 347 4873 caritate
368 4810 409 4872 de
428 4810 493 4873 lide
506 4817 629 4874 sancta
650 4811 834 4886 Trinitatis,
859 4810 893 4874 et
945 4808 1148 4873 aeternaliter
1171 4809 1285 4871 uatum
1314 4809 1354 4871 de
1380 4809 1496 4882 Patre,
1523 4809 1745 4872 consubstan-

99 4903 318 4984 interrogetur
332 4907 372 4970 de
389 4907 532 4970 diversis
551 4909 661 4972 causis
677 4909 730 4972 vel
745 4909 892 4971 moribus
944 4908 1069 4981 tialem,
1088 4907 1388 4986 coomnipotentem
1409 4907 1442 4968 et
1465 4907 1667 4986 coaequalem
1686 4926 1746 4989 per

100 5005 151 5080 qui
184 5023 246 5068 suo
285 5005 443 5083 regimini
471 5007 674 5084 congruunt,
710 5007 891 5070 secundum
945 5007 1056 5068 omnia
1072 5007 1165 5069 Patri
1185 5005 1218 5069 et
1239 5005 1425 5072 divinitate.
1440 5006 1670 5083 temporaliter
1684 5023 1746 5069 na-

100 5104 318 5179 apostolieum
338 5105 462 5167 dictum
482 5125 490 5165 :
510 5109 657 5168 Martum
675 5106 742 5168 otto
759 5107 892 5168 nemini
944 5105 1015 5166 tum
1047 5106 1087 5168 do
1112 5105 1239 5183 Spiritu
1268 5105 1382 5166 sancto
1409 5119 1454 5165 ex
1480 5104 1588 5165 Maria
1614 5121 1745 5184 semper

101 5203 317 5276 imposuerim
338 5203 371 5265 et
388 5203 425 5264 ut
442 5202 544 5266 etiam
560 5204 590 5266 is
613 5203 670 5282 qui
688 5203 891 5266 ordinandus
944 5203 1093 5280 Virgine,
1110 5219 1186 5265 oum
1203 5202 1316 5264 anima
1330 5201 1500 5274 rationali,
1517 5201 1600 5263 duas
1617 5201 1745 5266 baben·

102 5300 156 5372 est,
181 5303 278 5364 autea
307 5300 490 5376 erudiatur,
519 5301 663 5379 qualiter
690 5317 766 5364 eum
790 5303 826 5364 in
851 5317 891 5364 ea
944 5303 1011 5364 tem
1030 5301 1236 5373 nativitates,
1263 5315 1363 5360 unam
1387 5315 1430 5361 ex
1449 5300 1543 5378 patre
1567 5301 1742 5375 aeternam,

102 5397 288 5471 prelatione
301 5399 888 5478 constitutumoporteatconversari,
945 5399 1084 5462 alteram
1105 5415 1149 5460 ex
1172 5400 1279 5462 matre
1304 5396 1535 5476 temporalem,
1559 5401 1663 5461 Deum
1685 5416 1746 5462 ve-

104 5495 135 5555 ut
147 5497 353 5560 excusabiles
367 5499 434 5561 siut
449 5497 505 5576 qui
521 5499 552 5561 ei
574 5513 692 5560 manus
704 5499 889 5578 imponunt.
944 5515 1018 5560 rum
1033 5499 1066 5560 et
1080 5497 1248 5560 hominem
1264 5512 1392 5569 rerum,
1409 5497 1579 5575 proprium
1595 5497 1630 5557 in
1647 5499 1743 5559 utra-

104 5591 216 5656 Eadem
229 5596 343 5675 itaque
357 5597 556 5660 auctoritate
569 5597 606 5660 et
616 5598 780 5676 praecepto
792 5597 892 5660 inter·
945 5611 1009 5675 que
1039 5596 1161 5658 natura
1189 5595 1288 5673 atque
1317 5593 1514 5673 perlectum,
1545 5609 1612 5655 non
1641 5593 1745 5673 adop-

105 5695 300 5767 rogamusie
313 5694 528 5758 dilectissime
540 5679 599 5768 dli,
612 5695 751 5760 caritate
760 5697 890 5760 sincera
944 5695 1049 5757 tivum
1062 5709 1168 5770 nequae
1181 5693 1437 5771 phantasticum,
1453 5691 1586 5753 unicum
1597 5693 1629 5756 et
1642 5709 1743 5757 unum
