3962 6294
281 330 341 392 339
896 338 1073 400 HONORII
1095 341 1141 402 111
1162 341 1310 404 OPERA.
1845 356 1893 417 :litt

284 492 502 558 nihilominus
517 496 683 560 fatebatur
697 496 783 575 quod
804 514 974 577 uunquam
988 500 1081 562 illam
1136 519 1276 581 quorum
1302 517 1403 564 mauu
1422 505 1612 581 juramento
1640 504 1839 582 firmantibus,
1867 531 1895 576 se

285 596 497 668 cognoverat,
513 596 591 658 licet
614 596 655 658 ad
670 599 743 674 ejus
770 595 963 675 obsequium
979 613 1015 660 se
1030 599 1082 660 la·
1136 601 1734 679 nequivissecarnalitercommisceri,
1746 609 1896 683 proferatis

286 689 382 751 cilem
407 693 597 755 exhibuerit
616 695 647 756 et
653 695 824 784 paratam,
846 696 903 758 sed
918 697 1028 758 tamen
1046 712 1081 757 se
1136 699 1271 769 divortii
1293 698 1491 762 sententiam
1503 701 1666 762 intereos.

286 785 409 849 habere
424 791 603 865 potentiam
617 794 837 868 cognoscendi
852 793 936 854 alias
951 809 1083 855 assere-

287 883 353 946 bat.
385 889 451 948 Vos
476 903 556 951 rere
582 905 624 950 iie
645 889 678 950 id
702 889 787 952 forte
814 891 1026 953 confiteretur
1047 892 1083 952 in
1404 943 1413 964 ,

286 981 485 1056 fraudema
511 989 672 1050 matronis
694 987 789 1050 bonae
816 989 993 1066 opinionis,
1017 989 1083 1050 side
1384 940 1597 1030 HTULUS
1620 943 1680 1028 ΠΙ

287 1080 396 1157 dignis
422 1099 462 1144 ac
491 1087 636 1162 expertis
660 1087 695 1147 in
719 1103 819 1164 opere
842 1086 995 1165 nuptiali,
1013 1087 1085 1148 dic-

286 1179 355 1240 tam
374 1179 501 1243 fecistis
519 1184 640 1261 inspici
660 1185 854 1256 mulierem,
882 1202 956 1263 quae
971 1185 1085 1264 perhi-

287 1275 432 1342 buerunt
456 1281 681 1344 testifflffllium
709 1284 817 1360 ipsam
838 1284 946 1345 ³thss
979 1284 1086 1360 Virgi-
1138 1301 1286 1363 maraton.
1298 1295 1558 1372 (alacremque.
1574 1298 1623 1380 (b)
1639 1304 1737 1376 episc.
1753 1303 1784 1363 et
1796 1305 1903 1365 decano

288 1390 364 1436 nem
386 1393 581 1454 permanere
596 1402 603 1440 :
620 1381 826 1457 postmodum
841 1398 900 1459 per
914 1380 1086 1460 presbpte-
1463 1402 1614 1474 Burdep,

288 1489 373 1546 rum,
388 1474 429 1537 de
444 1480 538 1555 cujus
562 1477 721 1555 parochia
735 1479 788 1540 vir
806 1479 983 1557 praedictus
999 1478 1087 1540 exti-

288 1571 339 1643 tit,
373 1571 499 1636 fecistis
528 1576 704 1652 diligenter
732 1577 868 1654 inquiri,
898 1578 1008 1639 utrum
1033 1576 1086 1637 uir
1445 1624 1617 1685 CAPUTI

288 1669 360 1746 ipse
373 1670 519 1748 aliquam
542 1675 761 1750 cognovisset,
785 1691 846 1736 nec
859 1691 918 1752 per
938 1673 1085 1752 inquisi-
1620 1668 1627 1683 ⁹

288 1766 413 1830 tionem
425 1770 532 1846 ipsam
547 1771 640 1833 vobis
652 1774 804 1850 constare
820 1773 927 1852 potuit
940 1772 1086 1849 aliquam
1181 1764 1490 1830 Reverendissimus
1515 1767 1550 1827 in
1582 1765 1712 1828 Christo
1726 1765 1808 1840 filius
1829 1781 1857 1826 ll.
1874 1769 1905 1826 ll.

237 1877 251 1893 ·
290 1881 363 1926 esse
388 1869 568 1930 carnaliter
588 1871 754 1947 cognitam
780 1870 821 1931 ab
848 1870 974 1931 eodem.
1002 1870 1086 1946 Ipsis
1140 1879 1202 1926 rex
1227 1862 1416 1940 anglorum
1438 1863 1580 1925 illustris
1617 1864 1695 1926 olim
1721 1862 1809 1926 nobis
1830 1879 1907 1923 suam

289 1965 399 2024 autem
409 1965 482 2026 iiro
494 1968 526 2028 et
539 1968 679 2029 muliere
690 1968 882 2046 frequenter
897 1983 1088 2044 comparen·
1142 1962 1384 2040 querimoniam
1399 1961 1588 2035 destinavit,
1604 1961 1689 2040 quod
1703 1977 1798 2039 quum
1807 1960 1908 2022 nobilis

288 2061 378 2121 tibus
406 2079 518 2124 coram
554 2065 660 2139 vobis,
691 2083 730 2127 ac
757 2065 897 2127 muliere
923 2066 1088 2127 instanter
1141 2059 1194 2120 uir
1224 2057 1270 2139 (c)
1295 2062 1391 2136 Hugo
1415 2059 1455 2121 de
1481 2060 1676 2130 Lesinian0‚
1711 2059 1909 2120 0011111111-

291 2157 468 2222 dircrtium
482 2163 670 2239 requirente
687 2166 719 2225 et
731 2163 872 2237 dicente,
883 2164 969 2241 quod
982 2165 1089 2225 mater
1143 2158 1238 2230 chiae,
1256 2157 1584 2236 quondamjurflsseb
1596 2158 1909 2236 quodscrcremsuam

290 2272 364 2318 esse
378 2259 519 2331 volebat,
538 2261 570 2321 et
592 2261 677 2322 tilios
698 2277 874 2339 procreare
899 2284 906 2322 :
932 2262 1004 2323 siro
1027 2277 1089 2322 au-
1143 2256 1317 2334 quamcito
1333 2256 1456 2318 nubilis
1472 2257 1569 2330 esset,
1586 2257 1721 2318 duceret
1734 2255 1766 2316 in
1782 2269 1907 2325 uxorem.

291 2355 357 2414 tem
374 2353 502 2418 dicente
517 2358 603 2435 quod
617 2359 752 2436 paratus
767 2361 839 2422 erat
865 2362 954 2421 stare
978 2360 1090 2420 consi·
1143 2371 1183 2416 ac
1209 2355 1342 2416 iuterim
1369 2355 1537 2417 civitatem
1566 2354 1711 2416 Xanton.
1736 2354 1768 2414 et
1788 2351 1910 2413 insulam

293 2451 339 2513 lio
355 2454 1086 2536 etvoluntatiEcclesia,injunxistiseisdem,
1144 2453 1306 2526 oleronis,
1331 2469 1405 2513 cum
1437 2453 1514 2513 aliis
1548 2453 1649 2514 terris
1677 2451 1709 2514 et
1741 2447 1908 2518 redditibus,

292 2550 328 2611 ut
340 2551 511 2615 humiliter
531 2555 720 2634 reciperent
733 2557 766 2618 et
785 2557 922 2632 agerent
938 2555 1090 2633 peniten-
1122 2620 1124 2627 ,
1144 2567 1226 2629 quos
1250 2551 1349 2612 clarae
1365 2551 1532 2612 memoriae
1546 2553 1564 2613 J
1569 2596 1589 2624 .,
1607 2567 1668 2612 rex
1682 2548 1813 2626 Angliae,
1834 2549 1911 2625 pater

292 2649 373 2710 tiam
385 2649 630 2726 decommissis‚
647 2654 676 2715 si
692 2653 775 2716 forte
788 2654 937 2732 placeret
947 2657 1025 2726 Dec,
1033 2654 1089 2731 qui
1144 2654 1216 2729 ejus
1232 2666 1306 2710 cum
1319 2665 1357 2711 ea
1381 2649 1444 2710 sibi
1459 2648 1654 2723 tradiderat,
1676 2649 1810 2710 fideliter
1821 2645 1912 2707 custo·

292 2749 497 2811 matrimonii
513 2750 577 2812 fuit
587 2752 755 2814 institutor
767 2753 800 2814 et
814 2753 941 2826 auctor,
956 2753 993 2814 ut
1006 2767 1090 2829 opus
1144 2749 1241 2817 diret,
1255 2765 1473 2826 necunquam
1493 2747 1621 2825 aliquid
1635 2747 1765 2818 faceret,
1779 2760 1832 2822 per
1842 2741 1911 2820 quod

292 2847 496 2909 matrimonii
514 2852 792 2924 consummarent,
809 2851 865 2928 qui
890 2851 963 2928 post
978 2851 1089 2928 plures
1144 2847 1257 2924 posset
1270 2845 1460 2924 hujusmodi
1478 2846 1724 2908 matrimonium
1740 2841 1911 2914 disturbar13

291 2945 451 3006 terminos
464 2947 505 3006 ad
521 2947 794 3009 commanendum
810 2948 874 3009 sibi
890 2964 910 3009 a
925 2947 1020 3010 vobis
1033 2947 1089 3008 in·
1144 2944 1231 3006 idem
1243 2945 1357 3006 contra
1373 2961 1480 3017 suum,
1498 2945 1531 3006 et
1540 2944 1684 3019 aliorum
1697 2943 1752 3022 qui
1769 2939 1913 3019 superhoc

294 3041 413 3114 dultos,
429 3043 469 3104 ad
485 3045 629 3106 vestram
642 3046 769 3107 reversi
783 3046 995 3124 praesentiam
1010 3061 1091 3108 con·
1140 3044 1348 3121 juraverant,
1371 3043 1509 3104 veniens
1531 3044 1768 3120 juramentum,
1793 3037 1838 3118 (d)
1851 3051 1911 3097 ma-

294 3155 375 3201 sona
397 3157 478 3204 voce
493 3142 659 3216 dixerunt,
675 3145 761 3220 quod
773 3160 839 3205 non
854 3145 1007 3221 poterant
1022 3159 1091 3205 car·
1144 3142 1228 3203 trem
1242 3140 1389 3219 praesatae
1403 3143 1447 3213 1.,
1463 3140 1628 3218 quondam
1639 3139 1784 3217 reginam
1794 3133 1912 3211 Augila.

294 3237 416 3300 naliter
436 3241 654 3312 commisceri,
677 3241 917 3320 propterquod
945 3241 985 3303 de
1000 3242 1092 3320 ipso-
1145 3255 1218 3316 quae
1242 3238 1452 3316 sponsalibus
1480 3239 1662 3301 contractis
1677 3237 1762 3299 iuter
1784 3251 1835 3296 eos
1850 3246 1915 3293 coii-

294 3352 539 3399 rumconsensu
554 3355 689 3400 causam
699 3337 889 3418 hujusmodi
902 3340 1090 3417 Apostolico
1145 3337 1306 3411 senserat,
1321 3336 1384 3399 sibi
1400 3337 1487 3399 sicut
1500 3337 1572 3399 fleri
1586 3337 1694 3414 potuit
1707 3331 1914 3398 matrimonia-

295 3434 437 3498 duxistis
454 3436 582 3514 jndicio
608 3437 871 3515 relinquendam.
889 3437 983 3500 Unde
997 3437 1090 3500 iobis
1144 3435 1221 3498 liter
1231 3435 1408 3513 copulavit,
1422 3433 1821 3512 nihilominuspraesatam,
1831 3427 1915 3490 tiliam

295 3533 414 3596 iterato
435 3551 495 3612 per
519 3536 708 3613 apostolica
733 3536 856 3614 scripta
881 3536 1088 3609 mandamus
1145 3537 1217 3612 ejus
1233 3549 1307 3596 oum
1332 3533 1465 3595 civitate
1480 3532 1644 3606 detinens,
1666 3549 1705 3594 ac
1724 3531 1797 3594 aliis
1816 3540 1917 3603 supra-

1138 1163 1182 1210 us
1203 1161 1289 1208 nora
1310 1161 1393 1210 rosr
1407 1159 1594 1210 nrrcariuu
1616 1161 1836 1210 aserirusimi
1855 1149 1900 1228 (lt.

295 3633 470 3708 quatenus,
483 3633 511 3693 si
526 3633 674 3695 recolitis
689 3649 759 3694 rem
781 3633 892 3696 taliter
907 3650 942 3696 se
954 3633 1089 3706 habere,
1146 3631 1267 3693 dictis:
1291 3631 1377 3693 unde
1405 3647 1466 3693 nos
1495 3631 1560 3708 ipsi
1587 3631 1700 3694 comiti
1728 3629 1866 3692 dedimus
1890 3623 1916 3681 iii

295 3727 426 3790 etvobis
439 3731 596 3814 constitit,
609 3730 779 3792 reladhuc
792 3731 1090 3809 constiterit,prae-
1146 3728 1331 3806 praeceptis,
1354 3729 1391 3790 ut
1402 3729 1592 3790 restitueret
1605 3728 1670 3805 ipsi
1694 3729 1764 3804 regi
1790 3735 1916 3788 sororem

295 3824 381 3885 latos
409 3827 518 3887 virum
545 3827 578 3888 et
606 3827 778 3888 mulierem
798 3828 885 3890 infra
915 3829 1091 3906 praedictos
1146 3843 1240 3888 suam
1253 3843 1328 3888 cum
1339 3826 1484 3897 civitate,
1497 3842 1535 3888 ac
1546 3827 1622 3888 aliis
1634 3824 1837 3904 supradictis,
1852 3833 1917 3880 nec·

297 3922 370 3982 octo
384 3939 488 3986 annos
504 3941 563 4001 per
580 3925 772 3986 continuum
796 3925 976 3988 triennium
1002 3925 1090 3988 insi-
1146 3941 1212 3988 non
1228 3941 1303 3986 cuin
1320 3925 1483 3988 fructibus
1507 3941 1589 4002 quos
1604 3925 1795 4002 perceperat
1814 3937 1852 3982 ex
1864 3917 1918 3978 eis·

297 4018 364 4079 mul
387 4020 567 4096 habitasse,
593 4023 676 4100 ipsis
696 4038 770 4084 oum
789 4024 928 4101 septima
951 4024 1090 4102 propin·
1146 4020 1292 4102 dem(2).

334 4187 374 4264 (1)
395 4191 508 4249 Cetitre
523 4199 567 4276 est
579 4192 605 4273 le
621 4191 668 4250 11Θ
683 4191 728 4276 'de
743 4192 777 4275 'la
799 4193 967 4265 conpilatis
982 4193 1090 4264 prtiac,
1181 4193 1222 4276 td)
1249 4193 1370 4252 Matrem
1382 4193 1511 4320 propiata
1531 4191 1555 4250 1.
1577 4193 1717 4276 qimitdom
1735 4187 1917 4276 sagittanti·

297 4269 325 4319 ct
339 4261 364 4317 le
381 4261 614 4320 {ardesceret
632 4265 841 4335 Grepcricaces.
1145 4265 1218 4394 qm
1233 4263 1395 4332 babellum,
1421 4264 1438 4321 ss
1452 4278 1508 4321 iam
1525 4270 1639 4321 comitis
1653 4263 1834 4338 Engohsma,
1849 4269 1920 4330 quarn

333 4331 375 4406 (a)
395 4335 531 4404 Episcopo
549 4335 734 4392 xantonensi.
760 4335 806 4391 Sic
834 4333 998 4408 legendum,
1016 4336 1091 4394 Hen-
1162 4349 1281 4404 cannes,
1304 4349 1354 4392 rex
1373 4335 1496 4409 angliae,
1509 4333 1769 4402 duxeratuxorom,
1793 4329 1919 4388 celebrato

297 4403 367 4471 lim,
381 4403 416 4460 39
430 4404 575 4478 episcopo.
1146 4405 1267 4464 divortio
1279 4407 1353 4463 inter
1367 4421 1443 4474 cum,
1458 4412 1487 4462 et
1501 4405 1668 4475 llauvisam,
1685 4404 1796 4464 comitis
1817 4402 1917 4481 diarri-

334 4475 576 4548 (b)'l,amouicccsi
593 4475 728 4547 episcopo.
748 4476 849 4533 loanni
865 4475 901 4532 de
916 4477 1031 4548 Veymt,
1046 4477 1091 4534 val
1147 4479 1203 4536 niae
1221 4477 1320 4547 sillam,
1334 4491 1369 4533 eo
1390 4475 1464 4549 quod
1481 4474 1582 4534 altinas
1593 4484 1705 4548 essent;
1721 4483 1750 4533 et
1763 4487 1844 4546 quain
1858 4468 1919 4548 idem

296 4547 400 4613 Verac,
429 4547 464 4602 511
483 4546 628 4618 episcopo,
652 4554 788 4604 vexator
815 4559 884 4619 rege
899 4547 1021 4620 Angliae,
1048 4547 1092 4605 vel
1146 4551 1348 4621 comcsllugo,
1357 4554 1550 4621 cognomento
1560 4547 1682 4616 Brunus,
1696 4561 1793 4604 comes
1805 4539 1921 4602 biarche

298 4615 443 4674 hemardo
458 4616 493 4674 de
518 4619 642 4685 Faveria,
670 4632 722 4674 scu
743 4618 869 4687 Sarerla,
882 4618 918 4676 b'd
946 4618 1042 4691 episco
1063 4634 1090 4676 o.
1147 4633 1198 4692 per
1223 4619 1310 4676 verba
1327 4618 1363 4676 de
1378 4618 1511 4694 presenti
1538 4617 1567 4674 in
1590 4632 1674 4675 suam
1689 4621 1841 4690 receperat,
1856 4615 1922 4668 antc-

303 4695 306 4702 '
334 4687 372 4761 (c)
392 4687 472 4756 llapo
491 4687 696 4758 delectatatio,
717 4703 805 4746 comes
819 4689 964 4746 Mirrcbi'oe.
981 4633 1090 4746 llich·
1147 4703 1232 4762 quam
1243 4691 1305 4764 regi
1320 4690 1479 4764 llnglcrum
1503 4687 1735 4762 desponsaretur,
1768 4687 1812 4746 cui
1838 4687 1921 4756 postca

298 4772 350 4813 cus
377 4764 421 4814 est
439 4757 603 4830 singularis,
632 4759 714 4832 plene
737 4759 814 4816 enini
840 4757 987 4818 historiam
1011 4760 1093 4817 nobis
1148 4760 1202 4817 bac
1221 4759 1256 4818 de
1277 4775 1363 4818 causa
1384 4759 1436 4818 luit
1460 4759 1589 4843 publicus
1603 4759 1747 4830 inimicus,
1762 4764 1792 4816 ut
1814 4753 1923 4835 raserunt

297 4827 414 4884 exbibet
428 4827 462 4910 de
477 4828 657 4900 sponsalibus
672 4831 801 4900 Jcannoe,
814 4830 879 4888 tiliae
900 4831 1090 4890 1011ῃηὶ11111-
1148 4831 1222 4888 idem
1243 4833 1394 4889 ltatthaeus
1408 4832 1489 4914 Paris
1507 4830 1767 4914 subloanuepag.
1783 4828 1839 4910 lei,
1854 4824 1924 4913 dictu

297 4899 365 4972 gliae
380 4911 471 4970 regis,
484 4914 549 4956 cum
563 4901 696 4973 llugone,
710 4903 814 4958 coniite
830 4901 966 4959 blarcbiae
978 4902 1018 4976 (et
1032 4902 1094 4958 c'us
1148 4901 1215 4961 edit.
1225 4904 1378 4976 Tigurinoe,
1394 4903 1513 4961 etGuill.
1530 4904 1606 4959 Brito
1617 4901 1801 4974 Philippides,
1821 4896 1863 4954 lili.
1882 4893 1921 4974 tl.

297 4969 533 5042 circumstantiis)
553 4985 639 5043 quam
655 4971 805 5028 llattliaeus
820 4973 901 5030 Paris
914 4979 1023 5032 tantuin
1041 4917 1090 5029 do·
1147 4976 1214 5032 Post
1240 4981 1359 5031 mortem
1389 4973 1517 5041 loannis,
1554 4971 1646 5029 dictus
1678 4985 1776 5054 comes
1805 4962 1924 5042 ltarclim

297 5039 364 5099 libat
379 5039 431 5098 sub
445 5042 566 5110 toarno,
581 5055 614 5114 pn
641 5083 647 5098 .
666 5042 728 5110 239,
744 5041 811 5099 edit.
828 5044 992 5126 ligurinae:
1009 5042 1094 5102 refert
1147 5052 1242 5118 spreta
1265 5048 1375 5103 loanna
1400 5043 1456 5102 tllia
1481 5056 1543 5114 sua,
1573 5043 1723 5101 isabellam
1748 5039 1924 5120 viduamque

298 5113 373 5169 enim
390 5112 481 5168 solum
495 5112 600 5168 dietum
616 5055 756 5194 focacem
774 5113 924 5184 scripsisse
933 5115 1093 5188 justitiariis
1147 5117 1329 5174 matrimonio
1344 5115 1397 5172 sibi
1412 5115 1566 5188 copularit,
1582 5129 1647 5187 quoe
1663 5113 1710 5172 sax
1724 5113 1775 5171 luit
1788 5110 1849 5194 belli
1863 5112 1925 5163 inter

297 5183 402 5240 suisde
416 5183 559 5240 scaccario
574 5199 580 5240 :
596 5184 668 5250 Qitio
676 5184 759 5254 prius
773 5189 926 5242 tractatum
943 5191 1005 5243 erat
1020 5189 1094 5244 inter
1148 5188 1281 5246 maritum
1308 5193 1438 5244 sanctum
1459 5185 1644 5257 Ludovicum,
1670 5192 1698 5242 et
1712 5186 1861 5243 henricum
1882 5175 1924 5242 lll,

297 5259 384 5311 auset
408 5256 533 5310 comitem
553 5253 689 5336 diarchia
711 5255 745 5311 de
758 5255 824 5338 fitia
846 5261 946 5313 austra
969 5259 1092 5326 Jocaau,
1147 5258 1384 5386 Angliaeregem.
1476 5327 1480 5336 Ι
1905 5316 1910 5325 ,

296 5327 357 5454 gno
380 5339 431 5381 suo
446 5325 541 5381 doado
554 5341 586 5380 aa
605 5341 732 5394 satiram,
752 5327 783 5382 id
805 5326 831 5382 ei
854 5328 1046 5386 coracessimui.
1061 5332 1092 5387 lii
1184 5329 1195 5401 (
1215 5328 1225 5401 )
1245 5329 1289 5385 En
1324 5327 1378 5385 rcit
1391 5328 1551 5396 roinain,la
1566 5325 1615 5386 dot
1629 5333 1710 5386 entre
1724 5324 1833 5385 danste
1849 5324 1922 5401 patri·

318 5411 353 5454 oc
368 5403 462 5453 tamen
486 5394 629 5468 discrepat
655 5395 690 5452 ab
706 5397 841 5468 Honorio,
861 5397 935 5470 quod
949 5401 1093 5458 icaunam
1149 5401 1244 5456 moine
1258 5396 1296 5455 du
1308 5399 1392 5469 mart3
1408 5398 1481 5456 mais
1493 5397 1588 5484 quand
1601 5399 1628 5455 le
1647 5397 1777 5471 mariage
1789 5395 1864 5452 vient
1874 5405 1888 5445 a
1899 5401 1925 5467 se

299 5475 412 5553 pactam
435 5465 521 5524 tuisse
542 5467 600 5524 lllio
621 5467 734 5524 comitis
748 5467 833 5536 dicat,
860 5471 1002 5527 llonorius
1027 5485 1094 5528 vero
1148 5469 1296 5528 dissoudrc
1310 5485 1359 5544 pai
1374 5468 1551 5542 repudianda
1567 5469 1603 5528 de
1613 5471 1638 5528 la
1650 5469 1766 5537 lemme,
1781 5467 1806 5524 la
1819 5464 1864 5522 dot
1874 5460 1925 5516 doit

299 5540 353 5613 ipsi
380 5538 487 5605 comiti,
514 5552 568 5594 nea
595 5538 669 5596 ullus
694 5540 767 5596 alius
791 5538 942 5598 historicus
969 5543 1093 5614 Angllae,
1149 5543 1209 5598 atre
1228 5539 1361 5598 restituite
1376 5555 1412 5598 en
1427 5548 1531 5598 toutou
1545 5541 1691 5614 aripertie,
1704 5539 1808 5605 sarcir,
1821 5548 1855 5592 cn
1869 5543 1924 5658 W

318 5609 373 5669 uod
399 5611 500 5676 sciam,
517 5608 592 5666 lianc
608 5608 756 5667 historiam
770 5611 894 5686 attingit.
925 5613 1013 5670 Porro
1032 5612 1095 5671 bac
1149 5613 1187 5671 tie
1197 5612 1355 5670 seulement
1367 5612 1492 5739 lorsqu'il
1507 5611 1613 5684 pedes
1625 5609 1861 5681 calante,propter
1881 5601 1924 5656 tte-

298 5629 407 5741 llcaiiiio
420 5681 621 5754 utipsitpostcu
635 5680 807 5750 Alexandro,
825 5685 972 5742 Scotorum
985 5685 1056 5758 regi.
1150 5697 1246 5753 maon
1257 5684 1424 5758 lorsqu’itp‘a
1446 5683 1587 5742 culedela
1599 5683 1925 5753 tommapropteraiorrs.
