3954 6358
61 397 117 459 tbi
477 388 521 450 IN
544 386 882 474 QUADRAGESIMA.
905 385 1110 450 DOMINICA
1132 388 1277 452 PRIMA.
1640 397 1700 458 750
1740 419 1742 424 -

61 551 207 624 avaritia,
227 548 358 628 quando
378 547 481 610 dixit:
508 549 662 612 scientos
677 549 801 610 bortum
814 545 849 610 ct
902 545 939 608 in
957 551 1091 626 Epona.
1116 551 1211 625 Lao,
1236 565 1266 612 o.
1283 551 1312 624 1,
1329 549 1371 612 ad
1390 551 1509 616 verba:
1526 553 1697 622 Quomodo

61 659 194 715 malam.
220 637 370 710 Avaritia
394 647 483 708 enim
505 663 572 710 nen
593 647 699 708 solum
718 645 849 722 cupidi·
902 647 962 719 stet
975 648 1068 710 istud
1070 691 1130 708 .....
1150 649 1228 726 quia
1243 649 1394 726 quamvis
1410 651 1568 713 Dominus
1583 653 1697 732 aliquo

61 752 133 813 tatis
152 749 213 820 est,
235 747 292 808 sed
312 746 411 808 etiam
427 746 575 807 scientiae
597 745 629 808 et
648 744 845 817 altitudinis,
901 745 1049 821 tempore
1064 747 1279 808 conversatus
1294 747 1599 812 lueritsiouthomo
1611 750 1697 813 inter

62 848 143 910 sicut
157 845 237 908 dicit
253 845 370 907 beatus
392 845 626 920 Gregoriasza
648 845 728 904 Cum
748 857 848 920 supra
901 842 1064 916 homines,
1091 843 1308 906 nihilominus
1332 847 1404 908 erat
1426 847 1462 908 in
1485 848 1580 922 coelo,
1610 849 1697 911 siout

61 945 186 1007 modurn
203 942 390 1005 sublimitas
412 943 604 1004 ambitur.»
624 942 660 1004 Si
681 941 848 1003 enimnon
901 941 973 1018 ipse
997 941 1082 1004 dixit
1102 943 1327 1006 Niohedem0:
1354 949 1465 1008 Nemo
1486 948 1640 1009 ascendit
1658 951 1697 1011 in

60 1045 99 1106 ad
129 1042 304 1104 auaritiam
331 1041 468 1103 honoris
501 1041 620 1118 rapina
648 1039 844 1118 pertineret,
900 1045 1022 1102 omium
1035 1037 1067 1119 (J
1070 1055 1145 1102 ean.
1161 1057 1212 1114 111,
1230 1039 1294 1122 13).
1316 1044 1410 1106 Unde
1424 1061 1500 1106 oum
1513 1045 1609 1108 multi
1626 1049 1697 1107 An-

60 1155 261 1220 nequaquam
272 1139 389 1203 beatus
400 1140 524 1202 Paulus
536 1140 578 1201 da
593 1139 764 1215 unigenito
778 1138 847 1199 tilio
901 1137 1051 1212 galerum
1072 1137 1301 1215 ignoraverint
1323 1141 1448 1226 aliquid
1473 1143 1513 1205 de
1536 1146 1696 1204 incarna-

59 1239 194 1302 dioeret:
212 1240 293 1301 Non
315 1241 479 1312 rapinam
497 1239 689 1300 arbitratus
704 1238 756 1300 est
773 1249 847 1298 csse
901 1234 991 1297 tione
1003 1236 1075 1306 Dei,
1088 1236 1154 1314 ipsi
1167 1237 1317 1300 videntes
1330 1255 1406 1300 eum
1418 1241 1454 1300 in
1466 1240 1581 1302 habitu
1591 1241 1696 1302 homi·

60 1353 95 1400 se
108 1341 347 1412 aqaaumoeo
358 1334 494 1417 (Philip.
511 1353 548 1410 11,
558 1335 603 1417 6).
619 1336 660 1399 nt
673 1335 752 1396 nota
760 1333 847 1412 quod
901 1333 953 1394 nis
975 1333 1102 1395 intrare
1124 1335 1310 1398 Jerusalem
1334 1337 1512 1410 seelestam,
1538 1340 1695 1400 commoti

61 1436 133 1498 dum
147 1435 245 1497 homo
260 1435 311 1498 est
322 1436 357 1496 in
374 1435 507 1497 mortali
523 1433 671 1512 peccato,
693 1433 846 1494 diabolus
901 1430 980 1492 sunt
1002 1431 1169 1494 dieentes:
1195 1437 1277 1500 dna
1296 1435 1348 1496 est
1368 1429 1435 1498 iste
1458 1441 1517 1510 qai
1535 1438 1631 1498 uertit
1653 1441 1695 1500 da

59 1549 121 1596 non
133 1533 239 1596 tentat
251 1549 337 1607 eum,
354 1532 440 1594 sicut
459 1533 490 1593 si
508 1532 596 1595 esset
610 1533 683 1593 sina
698 1531 844 1609 peccato,
900 1531 1010 1590 Edam
1025 1529 1141 1592 tinctis
1155 1533 1306 1594 vestibus
1322 1535 1363 1595 de
1383 1536 1518 1595 Basra?
1539 1534 1605 1596 iste
1619 1536 1696 1608 sor-

59 1631 131 1709 quia
150 1630 250 1693 habet
270 1647 346 1693 eum
366 1630 528 1694 tentatum
545 1631 578 1694 et
600 1629 846 1706 ligatumque
899 1630 1462 1706 mosasmstotasaamadtmsm
1476 1633 1696 1694 multitudine

59 1729 111 1806 qui
126 1727 204 1791 lecit
226 1731 396 1807 peccatum
412 1744 528 1790 seruus
547 1727 598 1790 est
609 1727 750 1805 peccati,
766 1727 845 1804 quia
899 1724 1044 1787 virtutis
1056 1742 1131 1788 sacco
1146 1724 1203 1806 (is.
1219 1743 1312 1801 nxur,
1331 1726 1375 1809 1).

58 1827 186 1904 peecata
211 1827 325 1888 tenent
345 1843 421 1888 eum
442 1827 580 1904 ligatum
599 1826 634 1888 et
655 1841 723 1887 non
743 1824 844 1898 uidet,
939 1825 1050 1886 Edem
1062 1824 1300 1903 interpretatur
1324 1827 1526 1902 sanguineus
1546 1828 1604 1890 aut
1621 1829 1695 1890 ter·

56 1925 87 1986 et
98 1923 154 1985 rix
172 1925 366 2002 permittant
386 1941 462 1986 eum
482 1924 593 1986 lacere
612 1923 757 2001 aliquam
780 1922 844 1985 bo·
900 1939 1019 1996 renus,
1046 1925 1079 1988 at
1106 1922 1272 2001 signifieat
1303 1925 1461 1985 mundum
1493 1925 1611 1997 istum,
1639 1925 1696 2003 qui

57 2037 128 2082 nam
155 2023 404 2100 operationem,
432 2022 518 2084 siout
547 2022 628 2084 dicit
658 2022 843 2083 Salomon:
899 2024 987 2085 totus
999 2023 1202 2099 sanguineus
1212 2022 1263 2085 ast
1272 2022 1476 2084 etterrenus.
1486 2025 1696 2099 Sanguineas

57 2121 256 2194 iniquitates
282 2136 356 2182 saca
382 2121 523 2196 captant
549 2123 696 2196 immam
723 2121 758 2182 et
786 2122 845 2194 tit-
899 2123 951 2184 est
966 2121 1230 2199 quiasanguine
1240 2121 1325 2199 justi
1337 2120 1418 2182 Abel
1430 2137 1535 2199 usque
1553 2121 1594 2182 ad
1607 2122 1696 2183 huno

57 2221 148 2279 :tibris
173 2219 396 2293 peccatoram
426 2233 572 2280 sacram
604 2218 846 2295 comtmapam
891 2220 986 2300 diem
1002 2219 1144 2282 mundus
1164 2219 1281 2297 planus
1303 2219 1355 2281 est
1377 2220 1540 2296 sanguine
1561 2220 1696 2282 sancto-

58 2313 162 2394 (Pror.
176 2331 213 2385 v,
226 2314 292 2396 22).
306 2316 557 2392 stermonius:
573 2322 591 2376 e
605 2317 728 2379 Rectus
739 2315 844 2393 culpae
899 2318 1087 2392 rum,.sieut
1102 2317 1243 2394 legimus
1256 2317 1291 2379 in
1303 2317 1431 2395 psalmo
1455 2339 1462 2379 :
1487 2317 1697 2393 Effademmt

57 2413 132 2489 ligat
146 2415 302 2488 mentem,
316 2429 359 2476 ne
373 2391 628 2493 surgerepossit
646 2413 688 2477 ad
706 2414 846 2477 rectitu-
898 2419 1104 2492 sanoatnem
1117 2417 1318 2478 sanctornm
1331 2415 1419 2478 sient
1433 2429 1562 2490 aquam
1574 2418 1611 2476 in
1624 2418 1697 2476 cir-

56 2511 169 2573 dinam.
188 2529 208 2573 n
898 2516 993 2576 catto
1012 2513 1266 2586 romanamet
1283 2528 1353 2575 non
1367 2514 1446 2574 orat
1461 2515 1520 2588 qai
1535 2514 1697 2588 sepeliret

93 2610 268 2672 Sciendum
294 2610 345 2674 est
372 2609 458 2689 quod
483 2609 669 2688 baptizatus
694 2612 844 2674 Christus
899 2609 969 2691 (Ρε.
994 2615 1044 2685 78,
1069 2608 1115 2691 3).
1141 2610 1337 2674 Effuderunt
1360 2611 1556 2687 sanguinem
1573 2611 1696 2672 multo-

56 2705 159 2767 statim
182 2707 276 2769 radit
299 2706 334 2768 in
353 2707 521 2770 desertum
542 2708 664 2771 ducatu
688 2708 842 2786 Spiritus.
898 2727 973 2773 rum
1005 2711 1212 2782 sanctorum,
1251 2708 1406 2772 videlicet
1440 2708 1692 2786 Prophetarum,

57 2804 114 2864 Sed
132 2820 152 2865 a
173 2821 241 2882 quo
260 2804 390 2882 spiritu,
414 2807 521 2867 Lucas
540 2806 687 2883 apertius
709 2806 846 2884 exponit
898 2808 1142 2886 Apostolorum,
1160 2808 1354 2886 martyrum,
1370 2806 1537 2883 virginum
1552 2807 1586 2868 et
1604 2806 1697 2868 alio·

55 2901 172 2971 dicens,
191 2902 277 2979 quod
287 2905 306 2965 J
308 2919 385 2965 esus
395 2903 512 2979 plenus
526 2904 651 2981 Spiritu
663 2906 782 2968 Sancto
795 2921 846 2967 re·
898 2921 973 2970 rum
985 2905 1186 2978 sanatorum,
1195 2905 1228 2968 et
1243 2905 1439 2981 sanguinem
1452 2903 1541 2967 illius
1556 2903 1695 2982 pretiosi

54 3014 186 3074 gressus
200 3000 251 3062 est
264 3017 285 3061 a
300 3000 445 3063 iordane
460 3001 493 3062 et
512 3000 630 3064 deinde
649 3001 779 3064 subdit:
805 3005 845 3066 Et
898 3005 984 3081 Agni
1010 3004 1227 3078 immaculati,
1256 3004 1313 3081 qui
1344 3003 1463 3065 effudit
1496 3002 1695 3079 sanguinem

55 3096 212 3173 agebatur
225 3098 262 3158 in
276 3097 407 3160 deserto
428 3114 447 3159 a
466 3099 591 3176 Spiritu
612 3099 676 3164 hoc
690 3100 842 3175 consilio,
899 3119 995 3164 suum
1007 3119 1068 3181 pro
1082 3102 1307 3179 redemptione
1322 3100 1447 3164 nostra.
1461 3103 1573 3163 Edem
1584 3100 1694 3176 signi-

56 3195 88 3256 ut
100 3195 269 3258 diabolum
291 3198 498 3273 provocaret.
514 3198 590 3258 Non
603 3198 655 3261 est
669 3199 757 3261 enim
779 3215 843 3279 pu·
899 3200 976 3264 licat
999 3201 1156 3262 mundum
1172 3200 1271 3262 istum
1291 3200 1473 3273 terrenum,
1490 3198 1568 3277 quia
1583 3198 1696 3260 omnia

56 3293 196 3367 tandum,
212 3293 298 3372 quod
311 3295 504 3358 violentiam
518 3295 686 3359 intulisset
700 3295 845 3358 immun·
899 3300 1071 3362 nascentia
1094 3298 1307 3362 revertuntur
1330 3297 1367 3359 in
1382 3298 1516 3370 terram,
1543 3297 1575 3359 et
1596 3296 1693 3374 quasi

58 3390 111 3451 dus
135 3391 274 3469 spiritus
306 3393 357 3454 illi
385 3395 441 3471 qui
470 3393 597 3471 Spiritu
624 3394 744 3456 Sancto
771 3396 844 3457 erat
899 3397 939 3458 ad
952 3396 1094 3456 nihilum
1109 3395 1316 3470 rediguntur,
1328 3393 1414 3456 siout
1426 3394 1506 3456 dicit
1519 3393 1695 3456 Salomon:

57 3487 176 3565 plenus.
204 3490 299 3552 Unde
318 3491 442 3563 sciatis,
465 3491 551 3569 quod
575 3491 713 3569 quilibet
731 3492 843 3554 chris·
904 3495 978 3555 Vidi
1004 3493 1128 3555 cancta
1151 3503 1227 3566 qnce
1251 3492 1341 3565 finnt
1366 3493 1428 3553 snb
1455 3496 1535 3563 sote,
1556 3492 1591 3553 ot
1618 3505 1695 3552 acco

56 3585 570 3667 tianusstatimpostbaptismum
581 3590 846 3653 mundumdabet
898 3592 1065 3652 aniverso
1093 3590 1233 3650 vanitas
1256 3589 1291 3651 ct
1313 3589 1455 3662 afflictio
1487 3589 1633 3662 spiritns
1660 3587 1695 3648 et

56 3686 249 3762 postponere
263 3686 295 3748 et
309 3688 382 3763 ejus
408 3687 609 3749 desiderium
634 3688 842 3750 conculcare.
898 3690 970 3749 aiot
989 3690 1164 3750 nemmem
1183 3686 1448 3763 pemnanmtom
1461 3688 1523 3748 sab
1538 3690 1606 3748 sote
1622 3682 1700 3765 (Ec-

57 3783 92 3844 st
102 3784 177 3861 quia
191 3783 343 3845 diabolus
353 3784 470 3846 videns
480 3785 718 3849 eoderelictum
733 3786 844 3848 statim
899 3785 978 3848 oles·
998 3803 1022 3860 1,
1038 3783 1102 3865 14).

56 3882 243 3957 aggreditur
270 3881 312 3942 ad
332 3883 526 3946 tentandum
545 3883 726 3946 secundum
750 3883 844 3946 illam
937 3887 1050 3946 Basra
1071 3882 1309 3960 interpretatur
1331 3882 1459 3944 munita
1482 3881 1515 3944 ct
1533 3879 1640 3953 firma,
1661 3881 1697 3944 et

57 3979 443 4042 sententiamsalomonis
457 3981 493 4042 in
508 3997 572 4058 qua
587 3981 649 4043 ait:
663 3985 741 4055 Fili,
754 3998 846 4044 acce·
899 3981 1065 4059 significat
1087 3981 1265 4052 internum,
1286 3979 1343 4040 ubi
1367 3980 1508 4041 tirmiter
1521 3979 1617 4057 quasi
1632 3978 1694 4039 sub
1798 3969 1800 3974 ⁴

56 4079 132 4138 dens
149 4081 195 4139 ad
214 4078 420 4140 servitutem
437 4081 512 4151 Det,
537 4079 592 4140 sta
611 4083 648 4141 in
667 4080 793 4142 timore
811 4082 846 4143 ct
900 4080 1012 4142 multis
1027 4077 1217 4141 custodibus
1231 4079 1352 4138 animae
1369 4076 1578 4138 tenebantur.
1595 4076 1695 4139 Venit

54 4189 216 4248 prepara
238 4179 394 4238 animam
424 4177 521 4238 taam
550 4179 594 4238 ad
620 4177 845 4240 tentationem
899 4194 978 4254 ergo
1002 4177 1151 4238 Christus
1173 4174 1213 4236 de
1236 4177 1357 4248 Edam,
1382 4173 1483 4246 idest,
1507 4175 1547 4235 de
1570 4173 1695 4235 mundo

56 4269 187 4349 (Eccles.
206 4287 243 4345 rr,
258 4271 844 4353 l).Scilicatquibusmodisprimum
899 4277 962 4339 iste
986 4275 1169 4351 sanguineo
1184 4272 1375 4346 etterreno,
1398 4271 1510 4334 tinctis
1531 4271 1692 4344 restibus,

56 4366 219 4432 homiaem
242 4371 370 4444 stravit,
395 4371 519 4432 eisdem
538 4372 644 4434 modis
664 4374 845 4435 secundum
898 4373 994 4446 idest,
1009 4372 1158 4449 corporis
1176 4369 1343 4443 membris,
1359 4369 1454 4447 quasi
1469 4369 1594 4432 diceret
1607 4385 1697 4432 soit-

55 4464 219 4530 hominem
251 4469 384 4531 tentans
418 4469 602 4533 succubuit.
639 4473 705 4533 Per
732 4471 845 4547 gulam
898 4471 1104 4549 painoientis
1115 4471 1290 4531 mmmms.
1300 4467 1450 4530 Vanitde
1460 4471 1582 4542 Basra,
1595 4467 1692 4541 idest,

57 4565 171 4644 quippe
184 4566 339 4640 tentavit,
353 4583 428 4628 cum
440 4567 542 4629 dixit:
556 4571 713 4631 SiFitins
720 4572 843 4643 Datos,
899 4569 940 4630 de
958 4569 1089 4630 interno
1113 4566 1265 4645 spoliate,
1283 4565 1415 4644 quando
1436 4565 1552 4628 eduxit
1565 4566 1694 4628 vinctos

56 4666 104 4724 dic
116 4665 155 4726 at
165 4667 298 4740 mptum
309 4666 367 4727 isti
371 4680 482 4741 panes
492 4667 579 4738 dont
592 4665 722 4746 (Mattb.
736 4683 786 4740 111,
797 4665 843 4746 3).
899 4667 939 4728 de
961 4667 1036 4728 lacu
1058 4665 1115 4727 ubi
1136 4680 1202 4726 non
1224 4666 1297 4726 arat
1311 4679 1408 4741 aqua,
1423 4663 1510 4725 sicut
1523 4663 1645 4740 legitur
1658 4664 1693 4726 in

56 4761 117 4822 Per
142 4761 356 4826 sublimitatis
384 4763 560 4825 avaritiam
585 4764 739 4837 tentavit,
770 4780 845 4826 cum
899 4763 1059 4826 Zacharia
1091 4783 1100 4824 :
1133 4767 1177 4824 In
1200 4765 1370 4839 sangnine
1405 4761 1603 4824 testamenti
1643 4761 1696 4824 tm

56 4860 162 4922 omnia
188 4877 293 4937 regna
320 4861 434 4922 mundi
462 4860 607 4922 ostendit
633 4862 677 4934 ei,
707 4861 843 4924 dicans:
898 4862 1051 4924 canaan
1065 4860 1197 4922 vinctos
1210 4865 1252 4922 cte
1266 4861 1412 4924 munbi
1425 4873 1496 4922 non
1514 4859 1695 4935 :rotoma

55 4959 135 5019 Haec
148 4961 266 5021 omnio
283 4959 345 5020 tibi
361 4961 457 5031 dabo,
473 4962 505 5020 st
518 4961 703 5038 procidam
719 4963 846 5022 adora-
901 4959 1013 5042 (zach.
1029 4973 1076 5031 rx,
1094 4955 1160 5037 ll).

55 5061 146 5118 aeris
167 5072 224 5118 mo
249 5055 346 5136 (ibid.
367 5071 418 5129 111,
440 5054 486 5136 9).
513 5057 553 5118 Si
574 5059 684 5119 Filias
710 5059 775 5119 Dei
796 5073 843 5132 es,
938 5058 1009 5122 Iste
1027 5060 1201 5132 semiesas
1221 5058 1259 5116 in
1278 5053 1365 5117 stota
1385 5069 1460 5116 sna.
1484 5057 1531 5117 De
1551 5054 1611 5117 tali
1626 5054 1697 5117 ior-

56 5167 182 5230 semper
195 5153 347 5217 diabolus
362 5154 482 5232 repetit
495 5153 795 5233 boorerbum,quia
810 5157 845 5217 in
900 5155 1052 5217 mositate
1067 5153 1148 5216 dicit
1160 5152 1286 5215 David:
1302 5155 1482 5228 Speciosa:
1494 5154 1610 5228 torma
1619 5169 1697 5228 prm

56 5247 115 5312 hoc
132 5268 192 5314 sua
207 5252 281 5314 erat
296 5251 449 5324 intentio,
465 5252 502 5313 ut
516 5251 718 5328 intelligeret
731 5255 848 5314 incar·
899 5256 979 5328 filiis
1001 5255 1180 5317 bominum
1203 5248 1273 5331 (Ps.
1293 5253 1342 5322 44,
1358 5248 1404 5330 3).
1421 5253 1464 5310 In
1483 5251 1581 5320 stota,
1599 5249 1697 5323 idest,

56 5349 196 5421 nationis
218 5350 423 5427 mysterium.
440 5350 516 5411 Non
531 5350 659 5412 tantum
675 5349 842 5413 daemones
900 5351 934 5413 in
945 5350 1061 5413 babitu
1075 5348 1307 5422 humanitatis:
1322 5349 1533 5422 prodiensin
1544 5349 1696 5410 matitia·

57 5461 120 5508 non
146 5447 325 5524 potuerunt
358 5447 546 5523 intelligere
579 5448 845 5510 incarnationem
900 5452 978 5511 dine
999 5448 1141 5509 virtutis
1163 5461 1247 5518 snm,
1272 5444 1369 5516 idest,
1394 5444 1431 5505 in
1454 5446 1602 5523 potentia
1625 5461 1695 5506 suae

57 5544 130 5606 Filii
153 5546 225 5619 Dei,
249 5545 306 5608 sed
333 5545 366 5608 et
392 5561 514 5621 magna
539 5561 616 5622 pars
643 5546 846 5622 Angelorum
901 5546 1095 5609 divinitatis.
1111 5544 1247 5620 Angelis
1266 5542 1450 5606 tacentibus
1465 5545 1537 5621 ipsa
1555 5557 1697 5619 respon-

57 5643 195 5704 nescivii
208 5643 294 5721 quod
309 5643 415 5705 Filius
434 5644 493 5705 Dei
510 5641 616 5705 lactus
629 5643 730 5705 suerit
747 5644 847 5706 homo
901 5645 967 5706 dit:
981 5648 1054 5719 Epo
1068 5657 1148 5706 snm
1161 5644 1220 5717 qai
1233 5647 1352 5717 loquor
1359 5642 1536 5716 justitiam
1548 5643 1696 5702 reddens

58 5740 298 5816 pronominum
319 5739 555 5819 redemptione.
567 5739 730 5812 Ambros,
738 5740 795 5803 lib.
818 5743 846 5802 ll
902 5743 1084 5816 :nnc-atquo
1103 5743 1291 5808 secandum
1314 5751 1420 5816 opero
1437 5753 1517 5812 srm3
1538 5750 1599 5814 epo
1617 5753 1697 5800 sana
