3984 6292
48 515 50 518 ¹
95 442 155 505 los
744 443 868 506 LIBER
889 439 1100 506 CENSUUM.
1687 443 1746 504 494

93 603 197 665 uillam
212 601 411 666 submissam
433 618 621 682 personam,
645 602 786 666 tirmiter
811 617 891 681 pro-
946 617 1061 664 eorum
1082 601 1312 666 auctoritatem
1331 605 1429 683 atque
1443 603 1513 666 deor
1529 604 1613 666 etum
1633 619 1743 682 quan·

91 702 199 774 mitto,
215 701 248 764 41
263 718 323 780 per
342 702 458 764 sancta
479 703 539 764 Dei
562 702 743 779 Evangelia
767 716 890 779 corpo·
945 699 1015 762 tum
1039 700 1080 762 441
1104 715 1157 762 44
1178 701 1397 764 Rainuccium
1423 703 1576 782 pertinet,
1600 702 1636 763 in
1657 718 1746 780 prae·

88 799 319 862 ralitermanu
332 801 466 877 propria
473 801 562 877 jnro,
577 801 777 864 renuntiatis
790 816 892 878 super
946 797 1053 859 sentia
1072 799 1173 860 etiam
1197 799 1432 862 advocatorum
1454 801 1580 863 domini
1598 801 1689 862 Petri
1704 799 1744 862 de

85 899 159 974 jam
173 896 272 960 4114114
286 897 449 970 4441444,
470 898 560 960 omni
570 899 659 977 juris
674 913 734 960 seu
749 914 892 962 consue-
944 897 963 958 J
966 895 1062 958 udice
1077 896 1110 958 et
1128 896 1226 958 Pauli
1247 898 1430 971 Consulini,
1445 915 1484 962 ac
1506 899 1639 962 testium
1662 897 1744 960 sub-

90 993 218 1056 tudinis
241 993 415 1058 beneflcio.
432 997 511 1068 Quae
528 996 639 1059 omnia
657 996 687 1058 41
707 998 805 1074 plene
830 997 891 1058 iir-
944 993 1164 1070 scriptorum:
1184 993 1221 1056 in
1240 997 1419 1073 praesentia
1441 1013 1571 1081 quoque
1586 995 1743 1059 domino-

89 1091 255 1170 miterque
277 1108 345 1156 non
364 1092 587 1166 observarem,
602 1094 656 1156 441
675 1095 754 1156 siin
777 1095 890 1173 aliquo
944 1106 1019 1152 rum
1040 1092 1273 1167 cardinalium,
1295 1093 1452 1156 4141411441
1471 1098 1602 1157 donatist
1628 1097 1743 1157 cancii

89 1189 209 1252 contra
239 1189 339 1268 hujus
370 1191 500 1269 paginae
527 1193 677 1254 tenorem
709 1193 889 1271 aliquando
943 1189 1162 1252 titatosanctt
1170 1192 1352 1254 Laurentii
1362 1195 1399 1254 144
1409 1195 1540 1254 44441444
1547 1195 1742 1268 presbyteri

88 1288 208 1350 uenire
221 1288 396 1362 tentarem,
412 1290 491 1352 tunc
505 1290 580 1368 post
592 1291 721 1354 reatum
735 1291 886 1370 perjurii,
942 1289 1131 1350 carataalts
1141 1286 1465 1350 etdominiFidancii
1476 1289 1661 1367 presbyteri
1671 1305 1742 1351 aar·

88 1401 159 1447 una
183 1401 258 1448 cum
282 1387 367 1448 4414
392 1387 582 1462 heredibus,
608 1387 670 1450 tibi
695 1389 887 1467 presbytero
942 1383 1065 1446 41144114
1080 1384 1177 1447 111414
1199 1386 1306 1448 sancti
1319 1387 1487 1463 Marcelli3
1504 1387 1639 1466 propria
1659 1403 1740 1448 nos-

88 1484 241 1546 Simeoni
261 1485 492 1562 procuratorio
506 1487 640 1548 nomine
655 1503 715 1564 pro
739 1488 887 1552 Ecclesia

87 1583 252 1656 Romana,
277 1584 310 1646 et
325 1583 490 1657 omnibus,
506 1582 626 1662 quibus
647 1601 707 1662 pro
732 1585 885 1663 144444-

85 1679 195 1741 clesia
210 1695 416 1760 quocumque
428 1682 525 1744 modo
539 1682 655 1760 petitio
674 1683 884 1760 competeret,

83 1777 165 1838 ante
178 1793 274 1840 omne
286 1777 356 1840 litis
377 1778 522 1852 initium,
545 1781 687 1857 quatuor
704 1780 807 1842 libras
822 1797 885 1860 op-

86 1874 163 1936 timi
178 1875 253 1936 auri
277 1876 408 1938 solvere
429 1877 564 1938 nomine
589 1893 695 1955 poenae
718 1879 885 1956 promitto,

84 1972 123 2034 et
136 1987 236 2050 poena
258 1974 368 2036 soluta
389 1973 463 2036 444
489 1974 642 2037 44441414
667 1975 763 2037 firma
787 1977 820 2040 et
839 1977 888 2038 14-

83 2070 245 2147 corrupta
268 2071 473 2148 permaneat.
494 2073 598 2144 Quam
621 2071 768 2136 scribere
782 2090 885 2151 roga-

82 2167 196 2228 vimus
218 2169 398 2233 Falconem
415 2169 578 2248 judicem,
598 2171 634 2232 in
651 2187 765 2234 mense
781 2173 815 2236 et
832 2173 887 2235 in-

80 2265 235 2328 dictione
249 2267 489 2345 suprascripta,

32 2401 34 2406 ,
125 2363 266 2440 Signum
291 2379 411 2427 manus
436 2365 600 2429 dictorum
629 2366 886 2446 4444414481-

80 2462 226 2534 meonis,
240 2463 273 2524 et
287 2461 430 2525 dominae
446 2463 591 2542 sophiae,
605 2464 706 2544 hujus
723 2465 885 2532 44441444

80 2559 255 2636 rogatum.

122 2657 286 2719 Dominus
302 2657 472 2722 lebannes
485 2659 587 2734 Petri,
604 2662 762 2726 Romanae
777 2663 884 2726 Curiae

83 2755 324 2818 subdiaconus.

121 2854 286 2915 Dominus
301 2857 354 2926 11.,
373 2853 497 2917 4144144
512 2855 657 2919 civitatis
674 2857 881 2923 castellanae.

121 2949 303 3029 Presbyter
313 2954 519 3015 Benencasa.

121 3049 285 3124 Magister
298 3048 415 3112 auido.

120 3145 285 3222 Magister
305 3147 424 3224 Orrigo
439 3147 577 3227 majoris
600 3148 751 3215 ecclesiae
775 3169 880 3216 cano-

941 1482 993 1544 tra
1020 1481 1191 1545 voluntate
1216 1485 1458 1559 renuntiamus,
1484 1485 1518 1547 et
1537 1485 1740 1562 generaliter

941 1578 1124 1642 refutamus
1139 1580 1233 1643 vobis
1250 1584 1387 1644 domiuo
1398 1584 1538 1646 04411414
1554 1583 1614 1645 Dei
1630 1583 1739 1660 gratia

940 1681 1091 1740 44414414
1110 1679 1247 1742 Sanctae
1273 1684 1389 1743 Larice
1411 1685 1449 1744 to
1468 1685 1569 1746 Sillae
1597 1685 1739 1744 diacono

940 1779 1131 1850 cardinali,
1167 1778 1201 1840 et
1228 1781 1359 1840 4144441441
1386 1784 1496 1855 Papa
1520 1785 1737 1854 carnorario,

941 1873 1096 1936 mandato
1124 1889 1256 1952 quoque
1284 1877 1318 1937 et
1345 1879 1553 1953 procuratori
1587 1879 1737 1956 praedicti

941 1969 1067 2033 domini
1107 1971 1287 2046 Coelestini,
1320 1974 1361 2035 ad
1391 1991 1472 2052 opus
1499 1976 1531 2038 et
1560 1977 1737 2040 utilitatem

941 2070 1025 2145 ejus,
1050 2070 1189 2148 ejusque
1210 2086 1459 2147 successorum,
1483 2089 1523 2135 44
1543 2074 1645 2136 141144
1669 2076 1738 2137 Ro-

940 2182 1048 2229 manae
1062 2168 1221 2230 Ecclesiae
1233 2169 1414 2246 perpetuo;
1435 2169 1521 2232 idest
1533 2187 1647 2233 omnes
1659 2172 1736 2234 illas
1798 2248 1800 2252 .

941 2266 1073 2327 centum
1099 2265 1387 2345 vigintiquinque
1417 2283 1547 2330 marcas
1572 2268 1651 2331 boni
1679 2286 1737 2332 44

940 2363 1042 2439 genti,
1052 2379 1134 2442 quas
1147 2363 1242 2426 nobis
1255 2381 1345 2428 nunc
1353 2382 1457 2443 usque
1465 2368 1615 2429 Romana
1626 2368 1736 2430 Eccle

940 2461 1002 2534 sia,
1018 2461 1052 2523 et
1067 2461 1258 2540 specialiter
1277 2463 1456 2541 praedictus
1473 2464 1626 2527 dominus
1643 2468 1735 2544 Papa

939 2557 1072 2633 debuit,
1102 2575 1162 2636 pro
1186 2559 1305 2638 quibus
1333 2561 1506 2639 praelibato
1539 2562 1619 2625 olim
1647 2563 1734 2641 patri

939 2657 1064 2730 nostro,
1085 2659 1118 2720 41
1139 2656 1215 2719 41114
1237 2658 1306 2718 4414
1330 2659 1540 2723 consortibus
1567 2661 1734 2738 quondam

939 2753 1091 2817 dominus
1104 2759 1195 2834 Papa
1204 2757 1425 2831 ¹AdrianuslV
1435 2757 1605 2834 obligavit,
1618 2759 1734 2836 etjure

939 2853 1088 2929 pignoris
1106 2854 1252 2930 tradidit
1265 2856 1432 2918 civitatem
1457 2857 1677 2919 castellanam
1701 2859 1734 2920 41

939 2951 1130 3012 universum
1155 2954 1346 3016 comitatum
1372 2956 1456 3031 ejus,
1483 2955 1583 3032 atque
1607 2957 1732 3016 Monte

938 3049 1087 3122 maltum,
1113 3049 1200 3113 sicut
1226 3067 1286 3129 per
1306 3051 1518 3129 priuilegium
1542 3052 1648 3129 ipsius
1673 3053 1733 3115 do-

937 3147 1019 3209 mini
1032 3149 1132 3225 Papae
1145 3148 1284 3210 Adriani
1297 3149 1444 3227 apparet,
1460 3150 1557 3227 quod,
1573 3151 1730 3228 quantum

76 3243 150 3305 4141
166 3243 264 3306 dictae
279 3244 434 3308 civitatis.
546 3245 549 3256 '

120 3343 302 3405 1141444144
316 3342 407 3406 Ρ4141
422 3343 563 3407 Radultl.

122 3439 297 3502 iohannes
309 3441 501 3504 Malavolta.

936 3244 978 3308 ad
999 3261 1061 3307 nos
1085 3246 1238 3323 pertinet,
1264 3263 1395 3308 cassum
1416 3248 1534 3310 amodo
1558 3249 1591 3310 41
1613 3249 1731 3311 1441114

936 3343 989 3415 411,
1014 3344 1048 3406 41
1070 3342 1196 3405 4411144
1219 3345 1376 3407 momenti
1398 3345 1529 3423 penitus
1555 3344 1727 3409 habeatur.

936 3440 1169 3518 Quodcumque
1190 3441 1303 3519 itaque
1330 3445 1398 3520 144,
1430 3443 1462 3504 41
1490 3458 1730 3521 quamcumque

934 3537 1099 3600 actionem
1118 3539 1325 3616 personalem
1339 3538 1420 3601 4114
1434 3554 1515 3612 rem,
1533 3539 1604 3602 sive
1619 3541 1727 3618 hypo-

934 3635 1128 3706 thecariam,
1150 3636 1310 3699 adversus
1326 3639 1510 3700 Romanam
1531 3638 1726 3712 Ecclesiam,

117 3537 138 3599 J
140 3536 291 3600 ohannes
306 3537 469 3600 bandulii.

116 3621 329 3708 Anastasius,
346 3634 542 3698 castellanae
555 3635 699 3699 civitatis
711 3639 818 3702 miles.

121 3731 229 3794 Fulco
256 3732 369 3795 4114144
397 3733 505 3810 gratia
533 3736 691 3798 Romanas
721 3737 878 3802 Ecclesiae
933 3734 967 3796 41
976 3734 1166 3811 specialiter
1178 3734 1338 3796 aduersus
1353 3735 1476 3797 dictum
1487 3736 1656 3798 dominum
1666 3741 1727 3800 Pa·
1830 3803 1833 3808 Δ

72 3829 188 3908 judex
211 3829 245 3892 41
266 3829 427 3904 notarius,
452 3828 539 3893 hanc
557 3832 714 3910 paginam
732 3827 876 3915 scripsit,
933 3849 1008 3910 pam
1032 3832 1255 3905 Coelestinum,
1285 3834 1319 3895 41
1345 3833 1381 3894 14
1411 3834 1501 3894 4441
1529 3834 1728 3912 patrimonio

76 3927 112 3990 et
128 3924 285 3990 44441411.
932 3930 1088 3992 Ecclesiae
1102 3933 1272 4000 Romanae,
1287 3933 1319 3992 41
1334 3931 1523 4007 specialiter
1536 3932 1571 3993 in
1586 3933 1729 4010 praedio-

931 4030 974 4092 114
988 4027 1182 4106 pignoribus
1197 4026 1292 4088 nobis
1305 4027 1466 4091 hactenus
1481 4028 1636 4106 obligatis
1658 4032 1725 4094 tam

72 4143 245 4205 cisarcen
264 4142 487 4218 restrictionis
501 4141 606 4217 soatoe
622 4158 645 4204 a
657 4145 739 4217 [1443
751 4149 878 4210 sonan.
926 4129 1004 4204 jure
1028 4124 1082 4188 441
1108 4124 1284 4187 444441444
1318 4126 1465 4202 praelixas
1498 4129 1597 4190 sortis
1630 4130 1726 4191 nobis

117 4241 178 4300 4414
211 4242 424 4314 caparronia
456 4255 563 4314 saper
600 4243 691 4315 sacto
724 4245 876 4307 cavatam
931 4223 1158 4300 competentis,
1173 4237 1272 4300 quam
1293 4221 1393 4284 etiam
1415 4221 1512 4298 lucri,
1534 4240 1723 4300 usurarum,

118 4337 334 4410 castellanos,
350 4353 442 4401 anno
458 4340 546 4401 1195.
929 4321 1106 4393 fructuum,
1120 4319 1173 4383 uel
1186 4319 1414 4382 accessionum
1426 4323 1508 4399 ejus,
1521 4321 1554 4383 et
1565 4338 1671 4398 poenae
1692 4324 1725 4386 et

929 4419 1036 4482 omnis
1055 4435 1165 4482 causae
1190 4417 1361 4491 habemus,
1377 4419 1430 4480 441
1447 4418 1570 4482 444444
1590 4435 1721 4498 quoquo

115 4517 156 4576 In
174 4516 308 4578 nomine
326 4516 469 4578 Domini.
491 4519 587 4580 Anno
610 4516 791 4581 Dominicae
815 4523 873 4583 In·
928 4518 1025 4580 modo
1046 4533 1228 4596 possemus,
1250 4515 1356 4589 vobis,
1379 4516 1559 4579 4141141444
1581 4519 1641 4592 441,
1663 4535 1722 4596 pro

69 4613 282 4676 carnationis
309 4614 486 4677 millesimo
512 4615 693 4678 centesimo
724 4632 874 4696 444444-
928 4616 1014 4678 dicto
1029 4615 1162 4678 domino
1184 4617 1286 4690 Papa,
1312 4613 1345 4675 et
1367 4613 1437 4674 suis
1461 4616 1720 4690 successoribus,

71 4713 162 4774 simo
179 4710 304 4789 quinto,
328 4713 496 4774 stannci
514 4712 731 4790 pontificatus·
747 4715 872 4778 domini
927 4712 1155 4792 procuratorio
1179 4711 1312 4773 nomine
1333 4711 1536 4787 generaliter
1555 4713 1591 4774 in
1611 4715 1722 4775 omni-

71 4808 247 4872 Coelestini
260 4809 618 4887 llIPapae,indictione
634 4812 873 4884 lomensem·
925 4812 988 4872 bus
1013 4814 1046 4872 41
1069 4825 1129 4888 per
1151 4809 1262 4871 omnia
1286 4807 1479 4871 refutamus.
1508 4809 1548 4872 Et
1568 4811 1655 4873 dicta
1669 4813 1723 4889 pi-

70 4907 144 4980 nio,
162 4905 216 4968 die
236 4907 284 4967 11.
298 4908 368 4968 Nos
383 4905 516 4984 quidem
528 4908 609 4970 Milo
624 4908 871 4972 4111414444144
925 4923 1041 4985 gnara,
1058 4906 1216 4985 quantum
1232 4906 1273 4968 ad
1291 4921 1351 4968 nos
1364 4906 1517 4984 pertinet,
1535 4908 1569 4970 et
1587 4910 1720 4986 specia-

68 5003 227 5080 germani
252 5001 393 5076 tratres,
423 5003 485 5064 tilii
516 5004 682 5081 quondam
708 5006 871 5069 iohannis
926 5006 1003 5068 liter
1023 5004 1192 5067 civitatem
1207 5004 1440 5078 castellanam,
1457 5005 1490 5067 et
1506 5005 1664 5084 quidquid
1685 5009 1721 5068 in

69 5100 296 5179 caparronia,
324 5100 453 5162 scilicet
484 5115 545 5177 ego
574 5103 776 5164 Rainuocius
804 5121 870 5167 una
925 5119 965 5165 ea
988 5102 1077 5166 intus
1101 5102 1135 5164 et
1159 5101 1241 5163 soris
1270 5100 1430 5163 habemus
1458 5103 1616 5179 praedicto
1642 5108 1720 5183 ture

68 5215 150 5262 cum
173 5197 260 5260 dicto
283 5198 413 5260 Milone
427 5198 529 5260 tratre
551 5199 584 5261 et
607 5200 759 5263 curatore
783 5217 868 5277 meo,
925 5201 1085 5280 pignoris,
1099 5199 1333 5272 deliberamus,
1346 5199 1433 5262 4141)
1446 5201 1537 5260 4441
1547 5203 1722 5280 jugoobli·

68 5299 109 5360 in
131 5295 196 5358 boc
219 5294 342 5357 41414
371 5295 524 5358 manibus
553 5296 761 5360 dominorum
783 5300 870 5376 judi·
924 5296 1068 5373 gationis
1083 5293 1286 5356 absolvimus
1299 5296 1331 5356 et
1347 5293 1548 5376 relaxamus.
1567 5297 1607 5358 Et
1620 5301 1722 5362 resti-

69 5411 150 5459 cum
182 5394 278 5466 dato,
305 5393 462 5455 4141411441
486 5393 640 5456 Sassonis
669 5396 867 5472 primicerii,
924 5393 1084 5457 tutionem
1097 5391 1280 5462 domorum,
1299 5391 1474 5464 terrarum,
1490 5394 1716 5470 4141444444,

68 5492 221 5557 Oddonis
250 5490 413 5555 iohannis
444 5490 542 5552 Pazzi
572 5492 807 5567 secundicerii,
837 5496 870 5558 et
924 5492 1132 5567 aliarumque
1153 5503 1342 5560 causarum,
1363 5489 1501 5565 quasin
1524 5490 1718 5554 4114144141-

68 5589 237 5657 iohannis
273 5589 442 5651 saissonis
474 5589 617 5662 arcarii,
648 5591 745 5668 atque
778 5592 869 5655 Petri
923 5591 991 5652 tate
1005 5587 1193 5649 castellana
1207 5585 1297 5648 intus
1310 5585 1342 5646 et
1356 5584 1396 5646 de
1409 5583 1491 5654 ioris
1502 5603 1607 5664 usque
1621 5591 1718 5654 modo

68 5688 216 5752 Romani
231 5685 271 5748 de
285 5686 478 5758 scriniario,
493 5687 526 5748 41
536 5687 625 5748 Ρ4141
641 5688 739 5750 Ρ4411
750 5688 866 5764 Rubei,
922 5689 990 5751 144
1005 5686 1040 5747 14
1054 5683 1248 5762 corporibus
1266 5699 1369 5760 quam
1386 5683 1422 5743 in
1437 5683 1622 5745 actionibus
1637 5703 1720 5750 con-

68 5783 739 5861 1141144444444444144444444114,
760 5788 793 5850 et
810 5805 869 5865 par
924 5784 1054 5848 41114144
1065 5781 1244 5854 tenuimus,
1256 5796 1358 5862 quam
1367 5779 1467 5841 41144
1476 5782 1718 5848 restitutionem
